2633 3441
1301 93 1360 140 18

236 214 350 261 forte
380 214 570 273 fuerunt,
603 221 653 259 ut
683 213 875 259 nominis
906 212 1060 272 forma,
1092 212 1264 274 positus
1295 214 1625 269 vocabulorum,
1658 229 1687 259 a
1716 212 1921 273 genetivo
1949 210 2183 270 genetivus
2201 204 2433 272 pendeus}
2455 243 2460 247 ·

237 311 291 340 ea
320 296 472 340 omnia
501 293 793 353 improbanda
828 309 916 338 non
947 300 1052 339 sunt
1082 299 1127 338 et
1157 295 1250 339 suis
1281 294 1528 340 rationibus
1565 293 1815 338 confimari
1850 296 2048 352 possunt.
2096 288 2194 336 Sed
2216 284 2300 342 nos
2327 288 2415 336 hoc
2468 304 2473 308 ·

236 390 325 420 non
357 374 686 433 persequimur3
724 373 781 418 ad
813 371 1136 419 Callimachum
1172 374 1454 432 revertimus,
1493 388 1625 434 quem
1659 373 1738 433 qui
1768 370 2008 417 novissime
2037 368 2196 428 edidit,
2234 367 2413 416 Uli-iens

237 454 291 498 de
315 452 964 510 Wilamowitz-Moellendorff,
997 453 1122 498 cuius
1151 453 1236 498 viri
1262 453 1475 499 iudicium
1503 453 1652 512 magni
1679 452 1823 497 facere
1851 450 2063 507 solemus,
2097 465 2199 497 eum
2223 448 2287 494 ἔτι
2310 451 2423 509 μεθ’

234 533 394 578 ticulae
426 548 556 577 eruce
587 533 786 591 praefixa
811 538 1042 591 utramque
1062 547 1218 578 vocem
1240 533 1513 592 corruptelae
1544 531 1794 591 suspicione
1824 529 2030 590 amplecti
2061 527 2248 586 videtur,
2281 542 2413 586 aegre

232 612 414 657 ferimus
447 611 565 671 quod
597 611 704 671 quid
734 612 927 657 maxime
955 612 1159 657 statuerit
1179 612 1410 658 haeremus
1430 612 1607 657 incerti:
1640 627 1745 656 nam
1766 609 1821 656 de
1841 608 2062 655 sententia
2081 606 2261 668 quidem
2279 606 2411 652 nobis

232 707 322 736 non
353 691 529 737 videtur
566 690 857 736 dubitandum
889 706 1004 749 esse,
1041 691 1189 750 μεῖζον
1220 699 1367 738 autem
1399 691 1678 738 concedimus
1710 688 1879 749 ambigi
1908 703 2040 749 posse
2069 694 2217 733 utrum
2245 685 2410 732 rectius

233 771 453 815 scribatur
485 786 541 815 an
572 771 760 829 μᾶλλον,
797 785 910 830 quae
946 771 1206 831 praesertim
1243 771 1421 832 saepius
1456 771 1570 816 inter
1600 784 1648 815 se
1685 773 1934 829 permutata
1966 782 2066 815 esse
2097 765 2304 812 dicuntur
2332 762 2408 824 (cf.

230 849 385 909 Eurip.
408 850 461 896 fr.
484 847 607 907 283).
655 850 749 896 Nos
780 850 901 910 quod
929 852 1076 910 μεῖζον
1106 866 1196 896 non
1227 850 1492 897 movendum
1519 865 1616 896 esse
1638 849 1955 907 existimamus,
1988 862 2041 893 eo
2059 848 2124 906 fit,
2157 845 2262 907 quia
2279 848 2407 905 μέγα,

228 931 343 987 μέγα
375 928 431 982 δή
456 946 496 973 τι
517 945 545 974 a
565 927 842 975 Callimacho
859 930 1035 990 saepius
1056 931 1162 990 poni
1182 930 1383 977 videmus
1403 930 1451 976 in
1472 945 1570 976 eam
1590 930 1681 975 vim
1701 943 1835 988 quam
1855 927 1990 974 habet
2013 925 2152 985 μάλα.
2198 923 2264 971 Ut
2282 925 2408 971 omit·

230 1016 374 1052 tamus
404 1012 518 1066 μέγα
549 1017 676 1066 χατρε
705 1009 754 1052 in
781 1009 866 1053 hoc
896 1010 1062 1068 hymno
1084 1011 1112 1054 2
1140 1017 1185 1054 et
1208 1012 1306 1068 119,
1341 1025 1442 1055 cum
1462 1010 1727 1055 conferimus
1750 1020 1796 1052 xv
1819 1008 1907 1053 189
1938 1005 2128 1065 αΐνήσεις
2156 1008 2271 1064 μέγα
2292 1003 2348 1063 δή
2368 1021 2409 1049 π

228 1087 305 1132 τὸν
334 1090 462 1131 εἰσέτι
492 1091 666 1144 γαστέρι
695 1085 877 1145 μάντιν,
908 1102 957 1133 lv
977 1090 1039 1133 60
1070 1093 1337 1148 σπερχομένη
1365 1094 1480 1147 μέγα
1511 1089 1567 1146 δή
1596 1106 1635 1133 τι
1655 1089 1729 1132 καὶ
1759 1085 1815 1132 οὗ
1835 1083 2042 1145 φατόν*),
2074 1098 2107 1129 v
2129 1085 2217 1129 122
2247 1082 2275 1141 ἢ
2293 1086 2409 1141 μέγα

228 1168 316 1211 τῶν
348 1166 497 1212 ἄλλων
523 1165 579 1224 δή
597 1185 636 1211 τι
658 1166 959 1224 περισσότερον
980 1166 1048 1224 (ut
1069 1183 1085 1212 1
1106 1169 1165 1214 68
1186 1169 1279 1226 μέγ’
1302 1167 1566 1226 ὑπείροχον),
1598 1176 1642 1213 et
1662 1169 1853 1212 maxime
1874 1168 2012 1225 epigr.
2033 1178 2145 1211 xmu
2166 1167 2195 1210 5
2216 1164 2408 1223 ὥπτηται

226 1249 342 1303 μέγα
373 1245 432 1302 δή
462 1264 514 1298 τι,
547 1245 707 1290 adduci
730 1245 929 1291 videmur
960 1246 1014 1291 de
1035 1246 1364 1305 Erysichthone
1396 1264 1569 1307 quoque
1601 1248 1796 1306 potuisse
1827 1246 1915 1291 dici
1946 1249 2059 1303 μέγα
2081 1242 2137 1302 δή
2159 1260 2198 1288 τι
2218 1242 2407 1294 admo,

225 1326 356 1384 μέσφ’
378 1325 452 1370 ἐπὶ
482 1324 662 1382 νευράς,
702 1325 773 1371 vel
810 1325 929 1385 quod
962 1341 1081 1371 nunc
1112 1326 1323 1385 scriptum
1355 1334 1424 1373 est
1455 1326 1515 1380 ὥς
1544 1325 1667 1384 χιών,
1705 1325 1764 1379 ὥς
1795 1322 2006 1382 πλαγγῶν
2035 1313 2211 1370 ἐτάττετο
2240 1324 2316 1368 καὶ
2346 1322 2408 1367 ἔτι

224 1404 372 1461 μεῖζον
404 1402 580 1459 τούτων,
614 1404 658 1449 h.
682 1421 719 1449 e.
752 1405 820 1449 hia
851 1407 980 1450 etiam
1008 1406 1194 1451 valdius.

445 1483 563 1527 Aliis
587 1484 676 1527 iam
703 1484 802 1542 plus
831 1499 962 1542 quam
984 1485 1093 1529 satis
1116 1492 1183 1529 est
1204 1484 1258 1529 de
1280 1486 1490 1542 minutiis,
1520 1486 1649 1530 nobis
1671 1485 1868 1529 nondum
1889 1485 2087 1529 videmur
2109 1483 2216 1528 satis
2239 1482 2405 1527 dixisse

226 1560 280 1604 de
312 1561 599 1619 comparandi
631 1560 831 1607 formulis
854 1560 1135 1619 Catullianis,
1166 1579 1190 1607 e
1217 1564 1376 1621 quibus
1399 1564 1538 1608 evecti
1561 1564 1806 1622 appulimus
1829 1563 1885 1607 ad
1908 1561 2241 1609 Callimachum.
2289 1561 2405 1605 Nam

222 1640 298 1683 ille
338 1656 438 1685 cum
478 1641 585 1685 dicit
623 1643 789 1700 eripere
824 1642 921 1686 noli
950 1643 1068 1700 quod
1098 1644 1244 1687 carius
1275 1651 1336 1687 eet
1367 1643 1501 1687 oculis
1532 1658 1606 1687 eeu
1637 1643 1746 1701 quid
1776 1643 1920 1687 carius
1952 1650 2013 1686 est
2042 1641 2192 1697 oculis,
2226 1640 2297 1685 vel
2328 1640 2408 1698 qui

222 1721 350 1763 modo
383 1735 537 1763 scurra
568 1728 645 1763 aut
674 1722 716 1764 ei
745 1721 855 1778 quid
884 1720 966 1764 Ιιαο
994 1736 1043 1764 re
1073 1722 1218 1765 tritius
1247 1721 1487 1777 videbatur,
1521 1721 1604 1765 hoc
1636 1721 1744 1764 dicit
1767 1719 1881 1765 ‘noli
1913 1721 2079 1780 eripere
2111 1720 2227 1779 quod
2260 1720 2403 1764 carius

222 1804 290 1842 est
327 1799 484 1854 oculis,
523 1807 611 1856 aut,
653 1799 692 1842 si
730 1799 836 1858 quid
868 1800 1013 1844 carius
1046 1807 1113 1844 est
1144 1800 1298 1856 oculis,
1338 1816 1389 1845 eo
1423 1800 1567 1845 carius
1600 1797 1700 1857 est',
1741 1807 1785 1844 et
1815 1801 1863 1845 in
1894 1800 2031 1846 altero
2062 1800 2277 1858 exemplo,
2303 1797 2402 1857 ‘qui

221 1894 373 1921 scurra
404 1877 651 1935 videbatur,
692 1885 779 1936 aut,
822 1879 861 1924 si
898 1878 1006 1938 quid
1044 1879 1189 1925 tritius
1223 1886 1291 1925 est
1321 1895 1485 1937 scurra,
1525 1879 1571 1924 id
1604 1876 1877 1937 videbatur'3
1911 1887 1955 1925 et
1986 1895 2010 1925 ο
2043 1880 2179 1925 lutum
2210 1879 2401 1937 lupanar

221 1959 311 2002 Aut
341 1960 382 2002 si
408 1959 625 2016 perditius
652 1966 793 2018 potest
825 1960 933 2017 quid
963 1973 1064 2014 esee,
1098 1958 1141 2004 h.
1165 1973 1201 2004 e.
1231 1973 1257 2003 o
1288 1959 1430 2004 lutum
1469 1958 1654 2017 lupanar
1683 1965 1760 2004 aut
1790 1958 1849 2016 id,
1891 1959 1929 2004 si
1961 1958 2068 2017 quid
2098 1958 2155 2003 iis
2188 1956 2401 2016 perditius

219 2044 364 2094 potest
385 2052 497 2081 esse.
548 2035 624 2081 Sic
648 2037 778 2092 enim,
798 2045 940 2094 potest
959 2038 1089 2094 vulgo
1111 2044 1229 2082 recte
1252 2039 1464 2096 scriptum
1487 2044 1565 2095 est,
1599 2052 1680 2081 nec
1701 2037 1814 2081 Lud.
1838 2035 2086 2094 Schwabio,
2116 2036 2399 2080 meritissimo

218 2115 390 2170 editori,
425 2115 689 2172 accedimus,
729 2116 806 2173 qui
839 2129 938 2159 eum
969 2116 1060 2159 suis
1093 2117 1271 2175 optimis
1304 2116 1492 2160 testibus
1523 2117 1565 2159 ei
1587 2116 1805 2176 perditius
1829 2124 1977 2176 potes
2009 2116 2118 2175 quid
2148 2130 2235 2159 ecoe
2265 2113 2397 2172 dedit,

218 2194 338 2252 quod
370 2210 397 2237 a
427 2194 697 2251 reliquorum
728 2210 848 2238 more
881 2194 1071 2238 discedit
1101 2211 1184 2238 nec
1215 2196 1313 2254 ipsa
1340 2197 1558 2239 sententia
1580 2202 1784 2253 putamus
1806 2196 2028 2254 probatur.
2076 2195 2248 2239 Pendet
2267 2194 2401 2252 igitur

216 2273 522 2332 imperfectum
560 2274 834 2318 enuntiatum
873 2273 1195 2331 condicionale,
1237 2275 1356 2332 quod
1394 2275 1512 2318 idem
1551 2275 1670 2319 cadit
1706 2276 1753 2319 in
1790 2275 2016 2333 Euripidis
2054 2290 2231 2319 versum
2269 2289 2401 2333 supra

218 2352 413 2409 citatum,
451 2350 615 2411 Κύπρις
646 2349 723 2398 οὒκ
755 2351 824 2410 ἄρ’
845 2350 899 2410 ἦν
929 2351 1039 2405 θεὸς
1070 2350 1167 2400 ἀλλ’
1188 2357 1231 2398 εἴ
1258 2372 1298 2398 τι
1327 2354 1474 2410 μεῖζον
1495 2353 1606 2400 ἄλλο
1626 2359 1819 2410 γίγνεται
1846 2355 1975 2420 θεοῦ,
1998 2355 2087 2399 hoc
2108 2361 2187 2411 est,
2217 2351 2271 2399 οὗ
2292 2352 2401 2405 θεὸς

216 2430 282 2489 ἦν,
316 2427 412 2477 ἀλλ’
433 2436 474 2476 εἴ
503 2450 541 2476 τι
571 2432 718 2489 μεῖζον
747 2435 940 2486 γίγνεται
969 2435 1097 2487 θεοῦ,
1130 2433 1254 2477 τοῦτο
1281 2430 1348 2489 ἦν.
1395 2432 1521 2477 Nihil
1540 2434 1646 2477 novi
1666 2441 1742 2477 aut
1762 2433 1938 2477 obscuri
1959 2433 2172 2477 tradimus
2195 2432 2274 2477 sed
2294 2438 2401 2477 nota

216 2525 287 2554 res
326 2517 395 2553 est
433 2511 622 2554 similem
659 2510 705 2554 in
745 2510 925 2554 modum
963 2525 1278 2568 saepenumero
1317 2512 1546 2555 enuntiata
1583 2510 1906 2556 condicionalia
1937 2510 2235 2571 amplificandi
2268 2526 2400 2556 causa

217 2589 392 2632 adnecti
431 2587 563 2645 (conf.
595 2588 689 2634 Cic.
722 2589 776 2632 de
808 2590 893 2645 leg.
923 2602 941 2632 1
964 2590 1003 2644 7,
1028 2587 1126 2643 21),
1172 2590 1250 2633 sed
1295 2597 1443 2634 tamen
1492 2605 1666 2649 semper
1703 2590 2018 2635 attendendum
2057 2597 2142 2646 est,
2182 2596 2231 2634 ut
2267 2605 2397 2648 quam

216 2668 472 2725 plenissime
496 2669 588 2711 fieri
613 2669 754 2726 possit
775 2668 988 2712 orationis
1010 2668 1150 2712 forma
1172 2683 1284 2725 quae
1305 2668 1439 2712 fuerit
1459 2669 1761 2726 perspiciatur.
1800 2669 1937 2714 Velut
1957 2670 2004 2713 in
2026 2668 2231 2727 Odyssea
2251 2681 2318 2712 ΧΠ
2339 2670 2398 2713 95

218 2746 272 2790 de
306 2744 459 2805 Scylla
490 2762 590 2791 cum
624 2747 785 2792 dicitur
1479 2753 1481 2755 ’

724 2824 860 2872 αὐτοῦ
891 2827 931 2872 δ’
952 2826 1144 2883 ἰχθυάᾳ,
1175 2825 1390 2872 σκόπελον
1422 2826 1782 2883 περιμαιμώωσα,

725 2905 936 2964 δελφῖνάς
967 2923 1012 2950 τε
1042 2904 1179 2956 κύνας
1208 2922 1270 2957 τε,
1302 2907 1388 2949 καὶ
1418 2909 1466 2949 εἴ
1494 2909 1625 2950 ποθι
1654 2906 1830 2962 μετζον
1860 2908 2033 2966 ἕλῃσιν

723 2986 893 3043 κῆτος,
926 2984 957 3030 ἃ
986 2988 1121 3043 μυρία
1151 2984 1298 3043 βόσκει
1329 2982 1575 3039 ἀγάστονος
1596 2980 1870 3044 Ἀμφιτρίτη,

433 3174 469 3221 *)
494 3172 578 3212 Nisi
602 3175 767 3213 humana
793 3173 987 3223 fragilitas
1012 3176 1134 3215 multa
1159 3176 1379 3226 negligeret
1404 3188 1479 3214 non
1504 3176 1750 3226 negligenda,
1776 3188 1899 3226 nuper
1924 3189 2007 3215 cum
2032 3188 2304 3225 quaereremus
2330 3176 2397 3230 ἄρ-

210 3255 319 3293 ρητον
344 3241 497 3292 θάρσος,
521 3241 675 3292 ἅρρηιος
698 3242 821 3279 aevom
847 3241 936 3290 quid
961 3242 1200 3292 significaret
1224 3255 1260 3292 p.
1275 3244 1296 3281 ⁷
1314 3255 1351 3282 n.
1369 3248 1410 3282 et
1435 3243 1529 3282 haec
1553 3249 1766 3283 memorata
1792 3247 1925 3283 essent
1948 3248 1990 3282 et
2005 3255 2031 3283 v
2047 3244 2092 3282 ’Π
2119 3243 2280 3293 διψιίσας
2295 3244 2395 3295 ἄφα·

210 3309 275 3347 τόν
298 3324 333 3346 τι
357 3315 400 3347 et
423 3309 476 3347 ad
498 3309 568 3347 illa
592 3309 694 3355 quod
718 3309 970 3364 Schneider-us
994 3311 1199 3351 adnotavit
1224 3322 1272 3350 ex
1297 3310 1461 3359 Oppiani
1486 3311 1620 3359 quinto
1646 3312 1718 3350 468
1742 3310 1926 3363 ἔκπαγλόν
1950 3326 1983 3349 ιι
2007 3313 2071 3350 καὶ
2094 3313 2138 3350 οὗ
2161 3311 2291 3362 φατόν.
