2633 3441
1290 51 1349 95 15

1132 168 1299 229 Κύπρις
1328 167 1406 216 οὔκ
1435 169 1504 229 ἄρ
1524 169 1578 230 ’ἦν
1607 170 1733 223 θεός,

214 272 217 274 -
295 258 309 270 ¹
372 262 375 267 ·
720 244 839 294 ἀλλ’
858 250 901 292 εἴ
928 263 967 291 τι
995 248 1161 305 Mer
1172 247 1281 294 ἄλλο
1310 252 1502 304 γίγνεται
1531 250 1664 301 θεοῦ,

234 323 316 379 aed
346 283 590 384 simplicius
620 316 916 425 Aeschylus
901 342 950 371 m
981 324 1228 386 Choephor.
1261 328 1320 372 53

1345 405 1394 451 τὸ
1425 408 1467 451 δ’
1486 404 1693 462 εὗτυχετν,

740 482 829 529 τόδ’
849 437 898 530 έν
926 483 1097 542 βρότοις
1127 484 1236 536 θεὸς
1266 502 1310 530 τε
1340 487 1413 530 καὶ
1444 488 1558 531 θεοῦ
1588 487 1736 530 πλέον.

234 560 338 606 Pari
368 561 498 646 modo
531 560 732 607 Catullus
763 577 862 608 cum
893 563 1002 608 dicit
1032 578 1069 608 c.
1091 576 1139 608 m
1163 565 1185 607 1

809 642 892 686 Ille
920 644 985 686 mi
1008 657 1098 702 par
1126 657 1214 687 esse
1243 644 1321 687 deo
1351 644 1534 699 videtur,

808 721 921 776 ille,
928 723 970 765 ει·
985 722 1084 779 sae
1099 730 1175 777 est,
1206 736 1414 781 superare
1443 723 1579 777 divos,

232 797 328 855 ipse
359 813 439 841 suo
470 798 665 856 periculo
696 798 983 856 amplificavit
1013 800 1297 855 sententiam,
1337 815 1468 857 quam
1501 800 1746 857 simplicem
1778 799 1912 843 habet
1948 816 2001 843 ea
2037 816 2169 857 quam
2205 802 2399 845 imitatus

232 881 302 920 est
331 875 509 933 Sappho
540 873 659 933 (περὶ
688 876 831 933 ὕψους
861 891 899 921 c.
921 892 950 921 x
970 874 1019 932 2)

739 959 944 1013 φαίνεταί
971 973 1048 1013 μοι
1077 958 1204 1015 κῆνος
1234 960 1326 1008 ἴσος
1355 960 1527 1001 θεοῖσιν
1545 956 1709 1014 Ἔμμεν
1729 955 1858 1014 ὦνηρ.

235 1030 327 1079 Sed
353 1032 582 1094 Euripidis
620 1034 820 1094 exemplo
857 1050 990 1095 supra
1025 1034 1158 1081 allato
1194 1035 1298 1080 licet
1336 1036 1412 1094 uti,
1453 1042 1502 1080 ut
1538 1034 1850 1094 Aristophanis
1888 1052 2059 1093 versus,
2099 1051 2231 1095 quem
2270 1036 2399 1094 vulgo

231 1113 493 1172 interpretes
524 1128 678 1172 parum
707 1120 825 1158 recte
856 1114 1095 1173 accipiunt,
1134 1113 1189 1159 ad
1222 1130 1346 1159 suam
1377 1114 1654 1170 sententiam,
1687 1115 1773 1159 nisi
1804 1114 1920 1158 fallit
1951 1115 2118 1172 opinio,
2158 1122 2397 1159 revocetur.

232 1192 285 1237 In
318 1191 544 1247 Ranarum
573 1193 788 1252 principio
819 1198 1105 1252 posteaquam
1134 1192 1359 1252 Dionysus
1391 1210 1432 1238 v.
1455 1194 1512 1238 68
1543 1193 1781 1237 affirmavit

736 1268 903 1323 κοῧδείς
931 1275 983 1327 γέ
1010 1273 1058 1331 μ’
1079 1273 1138 1317 ἂν
1168 1276 1351 1332 πείσειεν
1380 1269 1638 1328 ἀνθρώπων
1668 1271 1718 1315 τὸ
1748 1270 1807 1329 μὴ
1837 1268 1914 1315 οὐκ

736 1351 888 1397 ἐλθεῖν
916 1352 984 1396 ἐπ’
1005 1352 1169 1396 ἐκεῖνον
1199 1349 1475 1409 (Euripidem
1508 1347 1646 1407 dicit),

234 1429 449 1474 Hercules
481 1430 824 1475 admirabundus
850 1431 1090 1488 interrogat
1119 1430 1304 1486 πότερον
1330 1432 1392 1480 εἷς
1412 1429 1567 1474 ’Λιδου
1593 1428 1730 1483 κάτω,
1763 1430 1889 1487 eique
1912 1429 2138 1487 Dionysus
2165 1431 2400 1488 respondet

735 1510 809 1554 καὶ
840 1512 892 1567 νὴ
922 1510 992 1555 Δί’
1012 1512 1056 1554 εἴ
1082 1512 1123 1554 τί
1150 1510 1190 1565 γ’
1212 1508 1326 1554 ἔστιν
1356 1508 1417 1553 ἔτι
1447 1510 1688 1566 κατωτέρω.

230 1585 357 1643 Quae
393 1588 509 1632 enim
546 1588 610 1633 ibi
639 1587 839 1633 Kockius
877 1603 977 1632 cum
1013 1588 1113 1633 aliis
1145 1587 1199 1633 de
1231 1587 1415 1632 Tartaro
1446 1593 1597 1632 narrat
1627 1587 1701 1646 qui
1733 1587 1911 1631 inferior
1943 1588 2002 1631 sit
2032 1587 2197 1644 inferis,
2238 1589 2398 1647 quique

227 1666 429 1711 homines
455 1667 677 1712 maleficos
704 1668 895 1711 maxime
921 1667 1113 1712 nefarios
1136 1667 1473 1726 comprehensos
1501 1673 1659 1724 teneat,
1690 1682 1872 1725 quorum
1893 1667 1940 1710 in
1961 1682 2142 1711 numero
2164 1666 2398 1725 Euripides

230 1761 400 1805 quoque
438 1745 595 1804 dignus
633 1746 692 1791 sit
730 1746 807 1805 qui
844 1754 1146 1804 commoretur,
1185 1746 1295 1791 haec
1333 1746 1481 1792 omnia
1516 1746 1646 1791 nobis
1676 1745 1880 1790 videntur
1911 1762 1938 1790 a
1973 1752 2128 1804 poetae
2159 1762 2292 1792 sensu
2324 1748 2397 1792 ab·

228 1823 425 1881 horrere3
469 1825 545 1883 qui
589 1825 694 1884 quid
739 1825 958 1881 voluerit‚‘
989 1832 1037 1870 ut
1072 1832 1190 1871 recte
1226 1826 1509 1884 percipiatur,
1549 1825 1839 1884 reputandum
1876 1832 1945 1870 est
1980 1825 2157 1870 licuisse
2194 1825 2303 1870 haec
2340 1826 2395 1871 ad

227 1901 515 1962 Euripideum
545 1902 655 1949 illud
688 1903 935 1967 exemplum
965 1910 1010 1949 et
1039 1904 1209 1964 reliqua
1239 1919 1352 1963 quae
1381 1904 1607 1950 attulimus
1638 1904 1685 1949 in
1714 1896 1848 1949 unum
1871 1903 2144 1962 coniungere,
2169 1903 2395 1964 Dionysus

229 1987 278 2025 ut
306 1982 372 2026 ita
398 1981 563 2026 diceret
592 1997 641 2027 se
671 1981 795 2037 velle¹
814 1981 1049 2034 εἰςἍιδου
1077 1981 1193 2028 κάτω
1224 1985 1299 2028 καὶ
1328 1986 1371 2028 εἴ
1397 1987 1439 2028 τί
1465 1985 1505 2039 γ’
1527 1983 1642 2029 ἔστιν
1672 1983 1735 2028 ἔτι
1764 1986 2005 2040 κατωτέρω,
2036 1999 2126 2028 non
2152 1999 2237 2042 quo
2259 1985 2395 2043 signi-

227 2060 381 2123 ficaret
406 2061 571 2105 certum
593 2062 739 2105 locum
760 2061 875 2108 Orco
897 2062 1029 2106 etiam
1051 2061 1301 2106 inferiorem
1322 2060 1443 2119 (nam
1464 2062 1539 2105 ille
1560 2063 1702 2106 noluit
1721 2062 1810 2105 nisi
1830 2064 1891 2112 εἷς
1901 2062 2050 2106 Ἀιὸου
2070 2061 2198 2114 κάτω,
2221 2079 2260 2106 v.
2287 2062 2394 2113 118)

229 2138 307 2183 sed
338 2147 388 2184 ut
423 2140 629 2184 fiduciam
665 2141 871 2200 probaret
906 2141 1161 2200 perficiendi
1192 2141 1308 2200 quod
1347 2142 1575 2186 constituit
1605 2157 1688 2185 nec
1719 2157 1766 2186 se
1798 2142 1886 2185 ullo
1924 2141 2139 2200 profundo
2175 2158 2306 2200 posse
2336 2143 2392 2187 ab

228 2218 514 2277 exsequendo
541 2219 725 2263 consilio
758 2219 978 2276 deterreri.

443 2297 496 2342 In
528 2297 610 2342 hac
640 2313 688 2342 re
719 2306 848 2356 quam
869 2297 1038 2357 agimus
1069 2313 1125 2341 ne
1156 2312 1209 2341 ea
1240 2261 1417 2356 quidem
1438 2297 1701 2355 negligenda
1732 2305 1847 2355 sunt,
1880 2298 2040 2356 quibus
2067 2299 2229 2343 ancilla
2248 2298 2392 2343 Hecu·

228 2376 329 2421 bam
361 2376 565 2436 appellat,
597 2376 645 2420 in
676 2376 933 2435 cognomine
962 2375 1112 2420 fabula
1141 2376 1227 2421 667

680 2478 682 2480 ·
733 2453 769 2499 ὦ
799 2453 1077 2500 παντάλαινα
1107 2453 1203 2498 κᾶτι
1230 2455 1402 2511 μᾶλλον
1432 2454 1458 2512 ἢ
1486 2455 1615 2509 λέγω,

732 2535 938 2588 δέσποιν’,
969 2531 1152 2587 ὄλωλας,
1182 2530 1316 2580 οὗκέΰ
1335 2537 1380 2579 εἴ
1402 2536 1624 2591 βλέπουσα
1656 2536 1765 2592 φῶς,

228 2620 274 2660 et
304 2615 343 2661 si
374 2631 486 2673 quae
517 2614 672 2675 horum
710 2613 875 2661 similia
909 2613 1124 2660 feruntur:
1162 2630 1264 2659 nam
1294 2612 1364 2659 his
1402 2620 1575 2672 quoque
1613 2613 1898 2671 conspicuum
1929 2621 2015 2671 est,
2057 2623 2221 2672 quanto
2260 2632 2391 2673 opere

227 2693 417 2752 augendi
452 2692 601 2753 cupidi
638 2693 733 2757 sint·
758 2699 802 2739 et
831 2708 963 2753 quam
1000 2691 1177 2738 difficile
1209 2692 1295 2737 sibi
1333 2691 1606 2737 satisfaciant
1637 2692 1731 2738 sive
1768 2698 1923 2751 poetae
1962 2692 2056 2737 sive
2094 2708 2205 2751 quos
2237 2703 2391 2752 poetae

223 2771 440 2819 inducunt
468 2773 713 2834 loquentes.
761 2774 908 2834 Atque
938 2772 1055 2818 idem
1089 2767 1293 2832 putamus
1324 2771 1372 2817 in
1403 2769 1666 2817 Callimachi
1703 2787 1857 2818 versus
1888 2771 2065 2830 cadere,
2105 2773 2179 2832 qui
2211 2780 2314 2818 sunt
2344 2774 2388 2817 in

225 2852 400 2899 Cereris
431 2853 610 2912 hymno,
643 2854 721 2899 ubi
750 2853 853 2899 inde
876 2869 913 2911 ,a
941 2870 984 2899 v.
1006 2854 1061 2898 91
1097 2853 1151 2897 de
1181 2851 1519 2910 Erysichthonis
1551 2852 1728 2897 miseria
1758 2852 1868 2897 haec
1899 2862 2145 2899 narrantur.

728 2930 786 2984 ὥς
817 2932 866 2977 δὲ
896 2936 1094 2990 Μῖμαντι
1122 2929 1244 2987 χιών,
1275 2927 1333 2982 ὣς
1364 2927 1495 2988 ἀελίῳ
1527 2930 1590 2976 ἔνι
1622 2930 1846 2986 πλαγγιόν,

726 3013 802 3057 καὶ
831 3009 993 3058 τούτων
1022 3013 1084 3057 ἔτι
1112 3010 1256 3069 μεῖζον
1286 3008 1473 3063 adesto,
1504 3012 1633 3068 μέσφ’
1653 3011 1727 3056 ἐπὶ
1757 3010 1931 3069 νευράς·

727 3092 903 3151 δειλαίᾳ
933 3093 1021 3143 ἶνές
1050 3108 1095 3135 τε
1124 3091 1199 3135 καὶ
1229 3086 1365 3135 ὀστέω
1385 3089 1534 3147 μῶνον
1551 3091 1788 3149 ἔλειφθεν.

219 3168 274 3216 Iu
305 3170 467 3230 quibus
498 3170 698 3217 versibus
729 3168 1014 3231 expediendis
1044 3184 1134 3214 non
1164 3184 1251 3213 uno
1277 3167 1455 3213 nomine
1482 3167 1588 3213 olim
1614 3168 1830 3215 titubasse
1861 3169 2066 3214 videntur
2096 3169 2233 3226 docti3
2268 3170 2389 3214 velut

218 3247 469 3294 Meinekius
492 3247 624 3310 αἐλίῳ
646 3250 711 3296 ἔνι
738 3250 871 3295 etiam
891 3248 946 3294 ad
968 3248 1158 3307 priorem
1179 3254 1348 3306 partem
1368 3248 1612 3293 sententiae
1633 3249 1852 3307 pertinere
1873 3249 2026 3293 voluit.
2070 3248 2237 3293 Contra
2258 3265 2386 3308 quem
