2633 3441
242 245 378 292 sensu
409 230 776 288 satisfacientem,
809 230 891 279 sed
920 207 1069 279 tamen
1099 231 1164 278 ita
1194 238 1448 294 comparata
1475 207 1558 292 est,
1591 237 1644 280 ut
1668 231 1719 280 si
1739 247 1839 281 eam
1867 209 2151 284 ὀοπίπαππία
2178 226 2282 282 cn‘m
2295 225 2435 300 δᾶν.
2476 263 2484 285 ι,
2535 239 2617 293 ς,

241 312 548 370 germanensis
578 310 746 357 codicis
778 311 1032 358 testimonio
1060 312 1231 371 pariter
1251 327 1405 359 versus
1434 319 1481 359 et
1498 312 1712 373 orationis
1740 310 1986 372 inugrinfi
2000 309 2257 361 multum
2256 283 2422 364 'aar
2461 316 2483 356 -.‘

243 395 334 448 tur,
365 391 448 436 clla
478 392 569 436 alia
599 399 729 451 utque
754 392 847 437 alia
872 391 1088 437 manunt.
1140 388 1314 451 Quodsi
1340 391 1564 454 paulisper
1589 391 1826 439 statuimus
1850 390 1968 437 hane
1990 388 2274 451 prmitivm
2284 377 2424 440 fuisse

244 469 520 530 scripturam,
552 486 643 515 non
673 469 738 515 ita
768 468 949 516 difficile
979 468 1253 530 intelligitur,
1286 485 1375 531 quo
1404 469 1576 517 modo
1562 486 1610 517 in
1631 469 1873 518 contrarias
1892 474 2041 532 partes
2066 469 2270 525 aberrare
2287 469 2435 526 libra·⁴

242 549 409 599 riorum
445 549 618 594 incuria
652 550 863 609 potuerit,
904 549 981 610 qui
1019 555 1095 595 aut
1128 550 1213 596 illa
1247 551 1342 596 alia
1375 551 1596 608 videi-nont,
1634 550 1811 597 omissis
1848 542 2028 610 propter
2057 550 2301 611 repetitum
2329 550 2424 598 'alia

242 628 391 674 verbis
422 636 551 687 atque
580 628 686 686 alia,
720 635 969 690 exararunt,
1002 635 1080 675 aut
1107 629 1191 688 illa
1220 637 1351 689 utque
1379 629 1473 676 alio
1500 630 1716 687 nidmu,
1747 629 1993 690 intercepta
2020 644 2118 676 non-
2145 629 2293 676 minus
2320 623 2421 690 pro·

243 706 349 753 clivi
388 722 535 754 errore
570 706 688 754 inter
723 707 805 754 clla
836 712 883 755 et
912 715 1042 769 atque
1072 707 1217 768 priore
1247 722 1356 755 voce
1386 708 1491 756 alia.
1540 705 1687 765 Quam
1719 706 1938 770 duplicem
1968 706 2182 769 peccandi
2214 707 2349 766 viam,
2381 707 2422 755 si

242 787 355 833 tanti
387 793 468 845 est,
501 787 587 832 hoc
616 787 710 846 fere
739 787 872 833 modo
902 780 1009 833 licet
1038 788 1178 834 oculis
1209 802 1473 848 proponere:

823 946 906 990 illa
935 945 1029 991 alia
1058 942 1214 1006 [atque
1243 942 1361 1003 alia]
1390 945 1602 990 viderunt.

241 1024 391 1083 Atque
422 1023 532 1069 haec
564 1038 698 1084 quam
728 1024 911 1071 iniimus
943 1023 1206 1070 emendandi
1238 1024 1455 1071 rationem
1485 1024 1663 1084 ingenio
1694 1023 1809 1069 nihil
1839 1023 1983 1080 debet,
2015 1022 2094 1069 sed
2115 1037 2229 1083 quae
2250 1022 2422 1070 duobus

241 1102 486 1162 potissimis
523 1103 767 1162 scripturae
804 1104 994 1150 testibus
1031 1111 1213 1165 accepta
1241 1103 1424 1150 ferimus
1454 1103 1503 1150 in
1535 1119 1670 1150 unum
1700 1102 1940 1149 conflantes
1971 1102 2149 1168 plenam
2181 1118 2237 1149 ex
2267 1119 2423 1150 manea

241 1190 333 1228 tam
365 1198 519 1229 versus
555 1182 740 1228 formam
771 1198 904 1242 quam
935 1184 1203 1230 sententiam
1235 1183 1480 1242 effecimus,
1519 1184 1582 1229 ita
1612 1182 1791 1243 quidem
1822 1189 1870 1228 ut
1899 1197 2012 1242 quae
2041 1181 2127 1228 hoc
2156 1180 2286 1228 modo
2317 1191 2423 1229 nata

242 1270 311 1308 est
352 1262 565 1308 orationis
610 1261 841 1321 integritas
885 1263 1077 1321 compari
1117 1260 1359 1308 Catulliani
1397 1263 1612 1308 sermonis
1650 1262 1851 1322 exemplo
1888 1262 2054 1307 nitatur
2091 1267 2136 1306 et
2161 1261 2253 1308 'illa
2288 1276 2422 1321 quam

242 1342 437 1386 diximus
470 1340 788 1387 consuetudine
820 1340 1051 1386 adiuvetur
1081 1355 1170 1399 qua
1199 1341 1247 1385 in
1279 1341 1460 1386 eosdem
1487 1341 1711 1386 similesve
1731 1340 1940 1400 loquendi
1961 1339 2115 1385 modos
2136 1340 2270 1385 etiam
2290 1346 2421 1401 atque

242 1421 377 1466 etiam
407 1419 549 1465 relabi
581 1419 871 1465 consueverit.
919 1417 1069 1464 Unum
1101 1424 1250 1477 restat,
1283 1418 1401 1478 quod
1433 1418 1668 1479 disceptari
1702 1424 1902 1479 oporteat
1931 1418 2062 1478 longe
2092 1419 2419 1479 gravissimum:

239 1515 345 1545 nam
377 1499 432 1544 de
465 1497 715 1557 corrigendi
745 1498 927 1543 lenitate
959 1497 1201 1542 concedent
1220 1497 1406 1542 fortasse
1428 1497 1558 1555 docti,
1594 1497 1648 1542 de
1680 1497 1899 1543 sententia
1929 1498 2188 1558 pugnabunt
2213 1504 2259 1544 et
2277 1499 2421 1545 acrius

241 1586 395 1624 contra
431 1577 628 1622 tendent.
676 1574 767 1631 Qui
805 1577 923 1620 enim
955 1575 1099 1620 adhuc
1132 1576 1235 1620 huic
1264 1577 1411 1620 versui
1443 1591 1571 1635 opem
1601 1575 1715 1619 ferre
1747 1576 1893 1620 conati
1925 1583 2046 1635 sunt,
2079 1576 2127 1621 id
2161 1584 2344 1637 egerunt
2375 1585 2423 1622 ut

239 1660 320 1704 illa
358 1660 435 1703 lua·
472 1665 699 1716 tamquam
735 1655 953 1715 quaedam
985 1656 1223 1715 singularis
1254 1656 1454 1701 oratione
1485 1672 1615 1715 quam
1646 1656 1835 1701 maxime
1866 1656 2166 1713 extolleretur,
2206 1672 2294 1715 qna
2322 1657 2421 1702 luce

239 1740 365 1796 Argo
404 1753 579 1783 cursum
617 1736 874 1795 auspicante
913 1750 1013 1780 cum
1043 1734 1257 1780 Nereides
1295 1750 1351 1780 ex
1388 1750 1577 1794 aequore
1616 1740 1890 1792 emergerent
1925 1734 2139 1781 accidisse
2177 1735 2338 1780 dicitur
2375 1743 2423 1781 ut

238 1817 461 1877 nymphae
499 1816 664 1861 nudato
703 1829 885 1874 corpore
924 1820 1148 1860 exstantes
1186 1813 1437 1874 mortalium
1475 1813 1614 1859 oculis
1652 1813 2021 1873 conspicerentur.
2073 1813 2145 1859 Ex
2181 1814 2265 1860 hoc
2303 1816 2421 1861 enim

239 1895 386 1942 studio
418 1902 569 1955 partae
601 1900 706 1939 sunt
737 1893 992 1952 scripturae,
1027 1899 1075 1937 ut
1095 1893 1349 1952 potissimas
1370 1891 1547 1956 quidem
1580 1892 1827 1949 afferamus,
1859 1893 1954 1950 illa,
1986 1895 2029 1938 ει·
2057 1908 2145 1953 qua
2165 1895 2271 1951 alia,
2302 1895 2419 1941 vide-

238 1984 341 2020 runt
372 1975 465 2019 luce
494 1972 794 2030 Lachmanni3
826 1972 932 2017 illac
960 1972 1162 2031 haudque
1192 1972 1284 2016 alia
1315 1968 1557 2028 Schwabii3
1590 1971 1670 2016 illa
1696 1979 1743 2016 ut
1772 1986 1860 2016 non
1887 1972 1980 2017 alia
2009 1972 2233 2033 Rudolphi
2252 1972 2422 2019 Helmii

239 2055 394 2100 nostri.
443 2055 487 2098 A
516 2053 677 2112 quibus
710 2064 793 2096 nos
825 2050 1093 2096 discedimus
1124 2051 1187 2095 ita
1216 2051 1450 2095 nobiscum
1486 2056 1758 2109 reputantes,
1792 2050 1832 2095 si
1863 2049 1972 2094 haec
2007 2049 2092 2094 fuit
2122 2048 2287 2095 Catulli
2324 2067 2421 2095 sen-

240 2135 398 2190 tentia,
431 2132 544 2177 nihil
576 2131 822 2191 promptius
853 2131 990 2176 fuisse
1022 2146 1153 2190 quam
1186 2130 1305 2188 quod
1337 2136 1431 2175 erat
1462 2129 1838 2188 simplicissimum
1869 2144 2051 2188 ponere,
2082 2130 2181 2181 illa,
2211 2145 2300 2175 non
2330 2131 2423 2175 alia

238 2215 443 2258 viderunt
472 2212 578 2267 luce,
611 2209 983 2269 quemadmodum
1004 2209 1160 2254 Livius
1187 2210 1360 2254 locutus
1388 2216 1457 2254 est
1486 2206 1621 2266 (1111
1641 2208 1714 2264 24,
1740 2205 1817 2265 11)
1846 2208 1940 2264 illo,
1970 2224 2061 2253 non
2086 2209 2176 2254 alio
2202 2210 2310 2254 duce
2330 2225 2421 2254 ere-

240 2292 398 2338 debant
415 2292 553 2349 finire
582 2305 627 2334 se
656 2289 860 2334 militiam
887 2290 1224 2348 iqnominioea‘m
1253 2303 1394 2347 posse,
1427 2287 1499 2333 vel
1528 2288 1624 2344 illa,
1658 2287 1780 2332 nulla
1810 2287 1917 2342 alia,
1949 2287 1997 2332 id
2028 2287 2146 2346 quod
2174 2287 2423 2333 Bernhardi

242 2370 480 2417 Schmidtii
512 2368 755 2428 opinationi
788 2367 985 2413 debetur.
1033 2363 1122 2412 Sed
1155 2375 1203 2411 ut
1233 2366 1390 2411 horum
1410 2372 1614 2411 neutrum
1645 2365 1765 2411 facili
1795 2380 1930 2425 opera
1959 2366 2131 2430 restitui
2155 2372 2312 2425 potest,
2347 2367 2420 2426 ita,

241 2449 416 2496 etiamsi
437 2448 592 2508 possit,
613 2447 775 2494 mirum
796 2453 945 2493 tamen
967 2445 1189 2493 videretur
1214 2461 1396 2492 neeesse
1424 2451 1554 2505 esset,
1584 2445 1793 2506 quoniam
1814 2444 1909 2491 eius
1929 2432 1995 2491 rei
2021 2459 2155 2511 cansa
2173 2461 2263 2492 non
2291 2448 2443 2507 appa*

239 2536 320 2588 ret,
354 2528 472 2589 quod
503 2542 593 2572 non
625 2527 769 2573 solum
801 2526 1045 2572 affirmatur
1075 2525 1159 2571 hoc
1189 2526 1266 2571 illo
1299 2525 1370 2571 die
1401 2526 1604 2571 evenisse
1640 2524 1720 2570 sed
1751 2524 1882 2570 simul
1912 2524 2028 2569 idem
2061 2524 2116 2570 de
2147 2525 2304 2585 quovis
2335 2525 2423 2571 alio

242 2609 496 2667 denegatur.
544 2606 727 2652 Poterat
756 2605 936 2665 quidem
957 2612 1075 2650 certe
1096 2606 1136 2650 si
1157 2605 1262 2665 quid
1285 2605 1499 2650 sentimus
1520 2604 1713 2650 narratio
1734 2604 1822 2649 ista
1832 2604 1904 2649 -ita
1925 2603 2153 2649 commode
2171 2603 2422 2663 procedere,

238 2688 394 2732 ‘simul
416 2702 468 2732 ac
490 2687 632 2731 secuit
651 2688 778 2744 Argo
805 2685 943 2730 maris
963 2684 1136 2738 fluctus,
1169 2684 1382 2728 Nereides
1415 2683 1651 2728 admiranti
1682 2684 1804 2749 vultu
1833 2698 1888 2748 ex
1914 2698 2103 2743 aequore
2131 2689 2421 2728 emerserunt:

185 2754 199 2760 ”
242 2767 319 2811 illo
352 2766 423 2810 die
454 2765 642 2823 contigit
672 2770 722 2809 ut
751 2763 1004 2809 mortalium
1036 2763 1152 2807 oculi
1184 2763 1378 2807 marinas
1405 2761 1625 2820 nymphas
1646 2761 1811 2807 nudato
1843 2773 2023 2828 corpore
2044 2767 2270 2807 exstantes
2302 2776 2423 2820 spec·

244 2841 409 2890 tarent?
462 2843 524 2889 Ut
555 2841 685 2901 ἤματι
715 2846 861 2901 κείνῳ,
892 2857 982 2886 non
1014 2840 1127 2900 plus,
1161 2840 1310 2900 posuit
1344 2840 1606 2899 Apollonius
1637 2840 2038 2899 Argonauticorum
2069 2839 2211 2899 primo
2243 2839 2331 2886 547

752 2920 914 2972 πάντες
945 2920 986 2965 δ’
1006 2916 1260 2977 οὖρανόθεν
1291 2918 1473 2965 λεῦσσον
1502 2920 1606 2964 3⁶02
1637 2918 1791 2978 ἤματι
1820 2922 1970 2976 κείνῳ

756 3000 839 3058 νῆα
869 3000 954 3045 καὶ
973 2997 1176 3058 ἡμιθέων
1206 2995 1383 3055 ἀνδρῶν
1412 3000 1560 3056 μένος,
1591 3002 1639 3044 οἳ
1665 2996 1749 3043 τότ’
1769 2996 1936 3055 ἄριστοι

754 3077 917 3124 πόντον
947 3076 1265 3124 ἐπιπλώεσκον·
1298 3077 1367 3123 ἐπ’
1391 3074 1651 3137 ἀκροτάτῃσι
1681 3076 1730 3122 δὲ
1761 3074 1933 3136 νύμφαι

605 3159 697 3204 550
758 3157 980 3217 Πηλιάδες
1010 3158 1248 3221 κορυφῇσιν
1277 3155 1510 3216 ὖθάμβεον
1539 3154 1797 3215 εἷσορόωσαι
1840 3203 1846 3208 ,

757 3236 887 3295 ἔργον
907 3233 1155 3296 Ἀθηναίης
1187 3236 1448 3294 Τριτωνίδος
1477 3232 1554 3295 ᾗδὲ
1584 3236 1659 3281 καὶ
1689 3231 1849 3287 αὖτοὺς

758 3316 904 3375 ἥρωας
933 3318 1144 3374 χείρεσσιν
1173 3313 1513 3373 ἔωκραδάοντες
1542 3312 1718 3373 ἐρετμά,
1755 3343 1759 3346 -
