2633 3441
637 487 1276 570 VNIVERSITATIS
1327 500 1909 566 LITTERARIAE

847 673 1254 747 FRmEchE
1299 690 1692 745 evaLMAE

482 876 1061 967 REGTOR
1127 877 1305 965 ΕΤ
1372 876 2057 966 SENATVS.

189 1127 306 1230 De
336 1183 507 1229 deliciis
537 1182 802 1243 quibusdam
832 1182 1043 1228 orationis
1064 1180 1342 1233 Catullianae
1371 1196 1503 1240 agere
1533 1180 1805 1240 propositum
1836 1187 1916 1238 est,
1950 1197 2001 1226 eo
2033 1182 2218 1227 consilio
2250 1189 2299 1228 ut
2320 1183 2357 1228 si

189 1262 288 1308 fieri
316 1263 458 1321 possit
487 1261 828 1307 enumerationis
858 1261 1097 1307 lectionum
1125 1259 1477 1305 academicorum
1506 1259 1681 1304 ieiunae
1715 1260 2022 1318 aequabilitati
2051 1261 2253 1306 nonnihil
2283 1263 2360 1307 ad-

191 1340 426 1387 misceatur
455 1339 739 1387 iucunditatis
770 1345 815 1385 'et
840 1338 977 1399 siqui
1007 1338 1065 1384 ad
1094 1338 1203 1384 haec
1234 1337 1382 1384 studia
1411 1353 1459 1384 se
1492 1337 1596 1384 dare
1627 1338 1808 1398 cupiunt
1838 1339 1871 1384 ii
1892 1338 2084 1385 habeant
2114 1355 2201 1399 quo
2228 1339 2359 1385 huius

191 1425 346 1480 poetae
381 1420 577 1466 nativam
613 1425 888 1465 venustatem
926 1417 1159 1477 degustare
1194 1417 1380 1478 possint.
1434 1415 1635 1463 Catullus
1676 1417 1794 1463 enim
1837 1418 1884 1463 in
1921 1417 2006 1464 hoc
2041 1419 2191 1464 libello
2231 1434 2360 1479 quem

193 1496 400 1544 Cornelio
420 1498 584 1558 Nepoti
611 1496 838 1556 inscripsit
866 1496 915 1541 in
936 1496 1452 1555 versibusversuumque
1474 1495 1702 1555 particulis
1723 1496 1943 1556 variisque
1964 1496 2141 1542 dicendi
2161 1497 2358 1543 flosculis

192 1577 404 1624 iterandis
437 1592 489 1623 ac
518 1575 848 1637 frequentandis
868 1575 1029 1621 mirum
1059 1582 1273 1634 quantum
1303 1575 1389 1621 sibi
1426 1575 1605 1634 placuit,
1637 1575 1768 1633 louge
1799 1576 1846 1621 in
1877 1591 1931 1621 ea
1958 1592 2005 1620 re
2038 1576 2271 1622 discedens
2303 1578 2359 1621 ab

192 1655 369 1703 Horatii
389 1672 545 1703 severa
565 1655 796 1714 elegantia,
829 1654 905 1714 qui
924 1670 1190 1714 quamquam
1221 1670 1309 1700 non
1333 1655 1481 1701 omnia
1510 1655 1557 1701 in
1579 1654 1664 1702 hoc
1693 1670 1854 1713 genere
1881 1655 2010 1713 cavit,
2044 1655 2162 1714 quod
2182 1656 2359 1714 quidam

191 1735 409 1796 praeclari
438 1733 525 1781 viri
553 1734 723 1793 opinati
751 1733 964 1779 nonnulla
999 1733 1056 1779 ab
1093 1748 1146 1779 eo
1164 1765 1165 1768 =
1184 1732 1493 1780 abiudicarunt
1529 1748 1640 1794 quae
1676 1740 1843 1780 certum
1880 1740 1949 1781 est
1979 1749 2079 1780 eum
2115 1734 2359 1795 scripsisse,

191 1819 341 1859 tamen
375 1813 491 1858 hanc
525 1813 749 1858 licentiam
765 1831 769 1834 ¹
787 1812 873 1858 sibi
910 1812 999 1857 nisi
1035 1813 1312 1872 perangustis
1354 1813 1517 1858 finibus
1554 1828 1645 1858 non
1680 1813 1893 1873 permisit.
1948 1811 2113 1858 Catulli
2150 1814 2358 1872 carmina,

193 1893 305 1939 tanti
334 1892 502 1937 moduli
531 1892 837 1952 corpusculum
868 1891 987 1950 quod
1020 1892 1095 1936 vix
1125 1892 1298 1937 tertiam
1334 1898 1504 1951 partem
1540 1893 1732 1938 ambitus
1762 1892 1998 1943 Hor-atiani
2031 1893 2356 1952 complectatur,

193 1977 356 2031 quanto
376 1986 507 2030 opere
538 1986 691 2016 versus
725 1971 944 2029 verbaque
975 1971 1045 2015 bis
1074 1977 1197 2015 terve
1228 1985 1282 2015 ac
1312 1971 1487 2029 saepius
1517 1971 1663 2029 posita
1691 1971 1834 2016 ferant
1863 1971 1963 2029 quis
1993 1972 2165 2016 nescit?
2210 1972 2360 2029 Atque

195 2056 242 2096 ut
260 2049 485 2096 mittamus
506 2064 711 2095 versuum
740 2047 1067 2095 intercalarium
1097 2048 1190 2095 suis
1211 2048 1456 2095 intervallis
1475 2048 1752 2095 redeuntium
1772 2056 2030 2096 ornamenta
2054 2050 2102 2095 in
2121 2049 2361 2096 Parcarum

192 2134 325 2175 cantu
345 2127 551 2173 carminis
570 2140 682 2174 mv
711 2127 822 2173 etin
843 2133 1026 2187 utroque
1044 2126 1289 2186 hymenaeo
1319 2124 1419 2186 (m
1439 2133 1484 2173 et
1500 2124 1629 2185 m),
1658 2128 1728 2173 vel
1748 2143 1801 2183 ea
1821 2143 1934 2187 quae
1954 2127 2012 2174 ad
2031 2128 2361 2175 intercalarium

193 2223 391 2254 normam
410 2206 589 2267 propius
609 2206 836 2265 accedunt,
864 2206 911 2251 in
931 2206 1075 2266 priore
1096 2205 1339 2265 hymenaeo
1366 2207 1464 2266 qaia
1484 2206 1585 2252 huic
1610 2207 1688 2252 deo
1710 2206 2019 2268 Compar-aria·⁴
2045 2209 2164 2253 ausit
2189 2208 2262 2254 64.
2285 2208 2358 2253 69.

195 2287 275 2344 743
304 2285 530 2342 viduant)
548 2286 677 2345 facee
710 2285 977 2346 Splendida
1012 2284 1210 2341 (aureae)
1242 2274 1444 2345 quatiant
1473 2301 1615 2330 comae
1648 2287 1720 2331 77.
1752 2287 1830 2343 983
1856 2288 2050 2346 prodam
2078 2302 2194 2332 nova
2222 2296 2362 2347 nupta

192 2366 266 2412 95.
298 2366 372 2412 96.
406 2366 506 2413 100.
541 2366 642 2410 110.
678 2365 784 2422 120;
816 2364 1049 2410 concubine
1076 2380 1204 2410 nuces
1234 2365 1294 2409 da
1325 2364 1427 2409 135.
1457 2365 1557 2422 140,
1592 2371 1636 2410 et
1655 2365 1703 2409 in
1724 2365 1863 2410 altero
1893 2364 2101 2426 Rapere,
2135 2368 2216 2426 qui
2242 2367 2360 2412 caelo

191 2446 348 2504 sermo·
375 2445 590 2491 crudelior
619 2444 752 2501 (lucet
777 2444 1031 2501 iucundior)
1060 2447 1178 2505 iquiae
1208 2445 1281 2491 20.
1314 2446 1385 2503 26,
1424 2461 1690 2504 quamquam
1725 2445 1783 2511 ad
1812 2446 1971 2491 horum
2008 2447 2255 2492 carminum
2284 2447 2376 2492 na?

191 2530 336 2573 turam
353 2523 470 2570 facta
490 2531 605 2583 sunt,
638 2530 787 2570 tamen
816 2523 947 2571 huius
965 2530 1122 2584 poetae
1152 2523 1297 2570 studio
1328 2523 1435 2583 quid
1458 2523 1651 2570 maxime
1671 2524 1907 2583 probatum
1924 2524 2058 2571 fuerit
2077 2526 2357 2585 patefaciunt.

191 2600 282 2650 Sed
300 2609 406 2649 sunt
423 2602 513 2649 alia
531 2602 588 2649 ab
608 2601 693 2649 hoc
718 2618 878 2663 genere
897 2601 1095 2650 carmina
1113 2602 1300 2662 diversa,
1332 2618 1446 2663 quae
1466 2602 1653 2650 eandem
1671 2602 1930 2657 iteratorum
1950 2620 2158 2651 versuum
2178 2621 2359 2651 consue·

191 2681 388 2728 tudinem
417 2681 517 2728 aliis
546 2681 670 2728 illam
701 2681 880 2741 quidem
907 2682 1152 2729 rationibus
1172 2682 1325 2728 nixam
1345 2698 1449 2741 prae
1479 2698 1529 2728 se
1548 2682 1708 2729 ferunt.
1754 2683 1892 2730 Velut
1921 2685 2116 2730 carmine
2135 2696 2232 2730 nvn
2261 2700 2359 2729 cum

190 2760 266 2807 hic
294 2775 448 2807 versus
476 2760 644 2820 primus
663 2760 723 2807 sit
746 2760 936 2807 Pulchre
954 2762 1151 2807 conenit
1167 2761 1377 2821 improbis
1397 2762 1589 2807 einaodnb
1619 2761 1824 2822 idemque
1856 2769 2093 2820 extremus,
2126 2763 2211 2808 hoc
2230 2771 2361 2823 poeta

189 2839 317 2887 fateri
347 2838 521 2886 videtur
538 2838 654 2900 quod
687 2839 902 2901 principio
919 2840 1069 2901 posuit
1098 2840 1430 2901 comprobatum
1450 2840 1658 2887 videlicet
1687 2858 1786 2888 esse
1815 2842 1874 2890 iis
1904 2859 2016 2904 quae
2043 2843 2236 2889 medium
2268 2859 2360 2889 car·

189 2934 292 2969 men
322 2919 588 2979 exsequitur.
635 2916 792 2966 Simile
822 2908 1053 2966 consilium
1083 2920 1226 2981 aperit
1254 2919 1466 2980 exiguum
1496 2922 1698 2981 quamvis
1730 2908 2000 2970 carmen-1211

769 2997 889 3055 Quid
916 3006 1004 3055 εις
1024 2997 1218 3046 Catulla
1263 3001 1373 3059 quid
1400 3003 1590 3046 moraris
1614 3003 1775 3048 emori?

765 3077 872 3124 tella
899 3079 950 3124 in
977 3078 1125 3132 omli
1150 3087 1318 3130 utrm
1346 3078 1521 3127 Noniae
1551 3082 1681 3139 seda,
