2633 3441
1297 104 1359 153 ln
1388 145 1395 150 .

230 224 529 273 Schneiderus
561 227 625 273 ita
654 225 911 287 disputavit,
942 232 994 274 ut
1014 223 1175 274 ‘nives’
1205 225 1422 276 scriberet
1441 223 1551 276 ‘non
1579 222 1761 277 tantun
1773 226 1882 276 colis
1903 227 1949 274 vi
1968 225 2058 275 εεδ·
2075 224 2293 289 cmvi,

230 311 376 351 torum
407 306 574 352 imbres
605 311 651 351 et
681 304 914 352 calidiores
945 319 1076 352 auras
1107 304 1386 353 afferentium
1415 302 1552 364 solvi:
1585 305 1734 355 allatis
1752 303 1983 366 Odysseae
2009 293 2344 363 νωιιἝωδεξ’

588 384 679 430 205
741 382 803 437 ὥς
832 383 884 430 δὲ
912 381 1021 443 χιὼν
1050 382 1299 444 κατατήκετ’
1318 383 1370 431 ὒν
1398 380 1710 444 &umidiorem
1738 381 1925 450 ὄρεσσιν,
2362 388 2365 392 ’

739 462 795 521 ἢν
824 460 1022 520 τἘὕοοσ
1051 465 1280 523 κατέπηξεν
1310 460 1422 523 ‘viv
1451 465 1651 524 lem
1680 460 1913 523 wazuh·

739 544 972 601 τηκομένης
999 541 1042 586 δ’
1061 539 1152 600 ἄρα
1181 542 1255 599 τῆς
1284 543 1477 601 maoz
1505 541 1727 600 πλήθων
1756 541 1943 601 &mv-c·

739 618 799 671 ὃς
828 620 901 678 τῆς
929 617 1078 677 evium
1107 617 1225 664 καλὰ
1254 618 1422 680 παρήια
1451 619 1590 677 δάκρυ
1616 618 1809 679 χεούσης.

231 695 322 741 Sed
354 694 651 742 Schneiderus
683 697 760 742 vix
790 703 910 743 recte
940 696 1218 743 intellexisse
1248 697 1442 757 videtur,
1481 698 1589 757 quid
1619 698 1726 756 sibi,
1757 697 1882 743 illum
1916 705 1965 744 ut
1992 699 2228 757 refelleret,
2263 700 2425 748 δέειν·

231 777 425 821 dendum
457 782 587 822 esset.
636 778 681 822 A
709 777 982 836 liquescente
1012 776 1116 822 nive
1147 791 1249 822 cum
1279 777 1426 823 simile
1457 777 1641 834 ducitur,
1675 782 1752 822 aut
1772 777 1895 823 verni
1927 778 2138 837 temporis
2158 779 2209 823 fit
2228 779 2408 837 mentio,
2438 782 2441 784 ’

232 862 281 900 nt
309 856 357 900 in
389 871 522 901 versu
549 855 671 901 Livii
702 855 952 901 Andronici
983 855 1038 900 de
1068 855 1210 901 Aiace

739 941 989 993 precentur
1018 933 1115 978 laus
1144 934 1312 990 virtuti,
1342 934 1420 978 sed
1447 933 1579 978 multo
1611 934 1730 978 ocius

739 1026 872 1057 cmo
900 1012 1002 1071 θεῖα
1032 1012 1222 1068 tabescit,

231 1096 308 1135 aut
329 1095 573 1147 ventorum,
598 1095 645 1133 ut
665 1089 712 1133 in
735 1088 969 1149 Odysseae
990 1089 1192 1135 versibus
1224 1104 1334 1149 quos
1363 1088 1568 1148 diximus,
1597 1088 1686 1134 nisi
1706 1088 1823 1149 quod
1844 1088 2072 1150 Zephyrus
2093 1091 2208 1137 veris
2230 1091 2411 1139 nuntius

233 1178 313 1228 est,
348 1178 424 1216 aut
456 1171 699 1230 utriusque,
731 1176 780 1214 ut
809 1170 926 1230 apud
958 1168 1174 1216 Senecam
1205 1171 1253 1216 in
1284 1170 1477 1217 Hercule
1509 1171 1675 1218 Oetaeo
1708 1171 1797 1217 '130

741 1251 861 1294 nives
890 1258 940 1293 ut
959 1237 1117 1293 'Eum
1145 1251 1277 1295 solvit
1305 1259 1383 1295 aut
1411 1251 1584 1311 tepidus
1611 1249 1770 1306 Notus,

747 1343 857 1387 quae
885 1342 981 1372 vere
1008 1329 1152 1386 primo
1184 1328 1356 1373 lucidus
1380 1330 1531 1389 perdit
1558 1330 1736 1388 Mimas,

233 1408 309 1452 ubi
340 1408 528 1452 alterum
563 1414 608 1452 et
638 1394 818 1452 tertium
847 1406 1096 1466 insequitur
1126 1406 1283 1464 simile,
1317 1405 1507 1466 denique
1538 1406 1815 1452 concluditur

743 1488 807 1530 sic
836 1486 1012 1545 languet
1040 1500 1164 1530 omne
1192 1485 1338 1530 vellus.

231 1564 367 1624 Apud
405 1562 728 1610 Callimachum
767 1565 885 1624 quod
923 1571 1262 1610 commemorato
1305 1563 1510 1609 Mimanti
1551 1564 1691 1609 monti
1733 1563 1843 1610 nihil
1889 1581 2039 1611 eorum
2076 1564 2292 1611 adiectum
2332 1573 2410 1623 est,

231 1643 483 1688 Meinekius
515 1643 572 1688 ad
603 1643 713 1688 haec
744 1642 804 1695 ὥς
835 1644 886 1689 δὲ
906 1647 1107 1702 Μίμαντι
1137 1644 1245 1700 χιών
1274 1660 1312 1688 τ.
1334 1658 1390 1687 ex
1420 1642 1560 1687 altera
1590 1648 1714 1701 parte
1744 1642 1902 1689 ascisci
1924 1643 2075 1702 voluit,
2110 1643 2227 1702 quod
2258 1644 2413 1689 abesse

232 1738 320 1768 non
342 1730 511 1782 posset3
545 1721 624 1767 sed
644 1738 701 1767 ne
723 1721 935 1780 dicamus,
968 1738 1058 1768 non
1077 1728 1197 1767 recte
1217 1722 1304 1767 isto
1336 1720 1513 1766 vinculo
1543 1721 1667 1779 iungi
1693 1720 1804 1766 haec
1823 1721 1988 1767 similia
2018 1721 2117 1780 duo,
2149 1737 2263 1782 quae
2289 1738 2413 1782 sepa-

231 1808 329 1846 rata
360 1817 459 1847 esse
492 1808 537 1846 et
568 1801 818 1860 separanda
839 1801 1059 1846 sententia
1088 1801 1222 1845 fidem
1252 1800 1359 1845 facit
1389 1798 1457 1858 (ut
1473 1803 1553 1845 nias
1571 1803 1622 1845 in
1640 1809 1793 1858 monte,
1822 1810 1871 1846 ut
1890 1816 1987 1846 cera
2006 1803 2057 1846 in
2076 1803 2164 1846 sole
2185 1799 2411 1861 liquescit),

231 1897 321 1926 non
354 1880 597 1926 desiderari
636 1880 786 1939 qualia
822 1879 1073 1925 Meinekius
1111 1879 1417 1938 exspectabat,
1450 1894 1540 1924 non
1576 1878 1755 1938 quidem
1785 1879 2014 1939 Odysseae
2046 1880 2264 1939 exemplo,
2299 1881 2415 1940 quod

233 1957 531 2006 Schneiderus
563 1957 779 2015 adhibuit,
813 1958 892 2004 sed
923 1958 995 2004 vel
1026 1956 1249 2003 Theocriti
1286 1957 1489 2003 versibus
1519 1958 1729 2017 probatur
1759 1958 1836 2017 qui
1866 1965 1970 2004 sunt
1999 1959 2047 2004 in
2078 1959 2233 2018 idyllio
2265 1972 2329 2004 vn
2358 1960 2416 2006 76

744 2034 839 2082 εὖτε
867 2035 975 2093 mciv
1006 2036 1066 2088 ὥς
1096 2053 1159 2089 τις
1190 2035 1444 2081 saverduno
1474 2034 1646 2095 μακρὸν
1676 2035 1751 2096 ὕφ’
1773 2036 1921 2094 Αἷμον

743 2114 920 2173 ἥ”Λθω
954 2116 978 2174 ἢ
1001 2114 1221 2161 Ῥοδόπαν
1250 2116 1276 2174 ἢ
1306 2114 1542 2161 Καύκασον
1571 2114 1862 2173 ἐσχατόωντα.

233 2196 325 2242 Sed
362 2195 614 2241 Meinekius
656 2196 703 2239 in
736 2193 997 2240 Callimachi
1045 2211 1173 2240 versu
1216 2196 1348 2240 etiam
1390 2197 1563 2253 μᾶλλον
1600 2196 1704 2254 poni
1742 2195 1899 2240 maluit
1935 2211 2068 2254 quam
2104 2196 2265 2255 μεῖζον,
2304 2212 2416 2256 quae

233 2275 390 2320 eadem
422 2273 581 2320 Cobeti
612 2274 832 2318 sententia
861 2273 946 2318 fuit
974 2272 1272 2332 (Mnemosyn.
1294 2290 1338 2318 n.
1362 2289 1398 2318 s.
1420 2286 1452 2317 x
1475 2271 1596 2330 395).
1644 2271 1735 2328 Qui
1765 2280 1967 2318 neutrum
1995 2274 2211 2332 probavit,
2234 2272 2416 2320 Schnei-

235 2354 380 2410 derus,
420 2368 518 2397 cum
550 2352 698 2397 ederet
728 2354 803 2396 καὶ
832 2350 995 2398 ’τούτων
1024 2353 1097 2396 ἐπὶ
1126 2353 1296 2409 μᾶσσον
1326 2351 1370 2396 h.
1393 2367 1430 2397 e.
1454 2351 1618 2396 diutius
1649 2349 1763 2409 (sive
1793 2349 1997 2411 lentius),
2026 2358 2166 2397 totam
2195 2368 2290 2397 rem
2321 2368 2416 2411 per·

234 2433 386 2488 vertit3
426 2432 500 2490 qui
533 2431 666 2476 etiam
697 2430 744 2474 iu
776 2430 990 2488 proximis
1021 2430 1183 2474 mirum
1213 2430 1260 2474 in
1292 2429 1473 2485 modum
1503 2430 1714 2475 aberrans
1746 2415 2021 2475 emendando
2052 2435 2207 2489 poetae
2238 2445 2417 2476 sensum

235 2510 491 2557 obscuravit
521 2517 565 2555 et
596 2509 804 2568 corrupit.
852 2505 941 2554 Sed
972 2508 1083 2553 haec
1113 2515 1162 2553 ut
1193 2508 1432 2565 mittamus,
1465 2508 1543 2553 illa
1570 2508 1647 2566 qui
1667 2523 1756 2553 non
1778 2514 1992 2566 occupata
2011 2516 2158 2555 mente
2179 2510 2415 2565 examinat,

235 2606 325 2636 non
363 2595 508 2649 potest
543 2604 631 2634 non
669 2602 948 2647 cognoscere,
988 2587 1072 2632 hoc
1109 2587 1254 2633 dicere
1287 2585 1612 2634 Callimachum
1637 2585 1955 2646 ‘Erysichthon
1988 2595 2037 2633 ut
2066 2589 2144 2634 nix
2174 2589 2219 2635 in
2251 2599 2415 2649 monte,

237 2677 285 2714 ut
323 2684 426 2715 cera
461 2669 507 2713 in
547 2668 639 2714 sole
677 2664 936 2727 (liquescit),
976 2673 1021 2711 et
1057 2666 1200 2725 magis
1238 2666 1370 2711 etiam
1402 2681 1535 2725 quam
1565 2666 1682 2723 illae,
1716 2666 1926 2726 extabuit,
1960 2682 2099 2727 usque
2130 2667 2187 2713 ad
2217 2665 2415 2715 nervos'.

236 2748 411 2804 Quodsi
447 2762 535 2792 non
574 2747 684 2793 haec
720 2747 942 2793 sententia
977 2746 1063 2791 fuit
1097 2752 1266 2805 poetae,
1306 2746 1382 2790 vix
1420 2745 1529 2791 satis
1567 2745 1840 2805 intelligitur,
1880 2761 1966 2806 quo
1998 2745 2183 2793 consilio
2215 2762 2316 2793 eum
2345 2747 2417 2794 his

236 2828 519 2888 potissimum
550 2826 768 2871 similibus
799 2841 929 2871 usum
960 2841 1059 2870 esse
1093 2825 1305 2883 dicamus,
1334 2840 1520 2884 quorum
1540 2840 1593 2869 ea
1614 2831 1772 2870 natura
1791 2832 1872 2881 est,
1896 2826 1967 2871 cui
1988 2823 2247 2871 Schneideri
2267 2826 2416 2886 opinio

237 2906 438 2951 adhiberi
470 2906 648 2950 omnino
679 2912 882 2964 nequeat.
930 2902 1051 2949 Satis
1084 2911 1180 2949 erat
1208 2903 1328 2948 haud
1360 2903 1493 2948 dubie
1524 2902 1614 2947 dici
1645 2902 1706 2955 ὥς
1733 2902 1842 2959 χιὼν
1872 2907 2089 2962 Μῖμανπ,
2119 2903 2180 2956 ὥς
2209 2905 2259 2950 ἐν
2283 2901 2417 2964 ἇελίῳ

237 2983 448 3038 niano-{v
478 2982 675 3035 ἒτᾰκετο,
705 2998 817 3042 quae
848 2998 919 3028 res
951 2989 1046 3027 erat
1082 2982 1264 3026 minime
1294 2981 1421 3026 levis.
1473 2978 1563 3026 Sed
1593 2987 1724 3041 poeta
1753 2982 1973 3027 sentiebat
2002 2981 2087 3027 hoc
2116 2997 2272 3042 parum
2303 2998 2415 3042 esse,

237 3064 326 3109 nisi
364 3078 496 3121 super
532 3061 765 3107 adderetur
801 3062 924 3119 illud,
966 3069 1013 3106 ut
1049 3062 1114 3106 ita
1152 3061 1331 3117 diceret,
1372 3060 1625 3106 extabuisse
1664 3076 1764 3106 eum
1800 3076 1892 3107 non
1923 3061 2066 3106 solum
2098 3068 2147 3106 ut
2175 3062 2337 3121 nivem,
2369 3069 2419 3108 ut

239 3158 399 3197 ceram,
437 3140 517 3186 sed
553 3141 694 3198 magis
732 3141 865 3186 etiam
895 3141 1223 3200 quam'nivem,
1256 3155 1390 3199 quam
1422 3154 1581 3185 ceram.
1629 3139 1756 3186 Haec
1786 3147 1855 3186 est
1883 3140 1964 3186 illa
1992 3139 2182 3199 augendi
2214 3146 2259 3185 et
2288 3155 2418 3186 accu-

236 3220 437 3267 mulandi
468 3219 689 3279 cupiditas
721 3226 765 3264 et
791 3219 1073 3278 consuetudo,
1102 3236 1233 3279 quam
1256 3219 1506 3279 explanare,
1535 3219 1572 3264 si
1594 3234 1841 3280 possumus,
1866 3219 2113 3278 studemus3
2140 3234 2229 3280 qua
2247 3219 2289 3266 si
2309 3219 2419 3280 quid

235 3302 348 3348 forte
370 3316 628 3362 expressum
651 3306 731 3357 est,
755 3299 871 3360 quod
891 3299 1025 3345 fidem
1046 3299 1258 3346 excedere
1279 3299 1492 3357 videatur,
1516 3299 1759 3346 cavendum
1780 3306 1862 3356 est,
1885 3315 1941 3345 ne
1963 3299 2068 3346 dum
2087 3299 2417 3367 interpretando
