<?xml version="1.0" encoding="UTF-8"?>
<!DOCTYPE html PUBLIC "-//W3C//DTD XHTML 1.0 Transitional//EN"
    "http://www.w3.org/TR/xhtml1/DTD/xhtml1-transitional.dtd">
<html xmlns="http://www.w3.org/1999/xhtml" xml:lang="en" lang="en">
 <head>
  <title>
</title>
<meta http-equiv="Content-Type" content="text/html;charset=utf-8" />
  <meta name='ocr-system' content='tesseract 3.04.00' />
  <meta name='ocr-capabilities' content='ocr_page ocr_carea ocr_par ocr_line ocrx_word'/>
</head>
<body>
  <div class='ocr_page' id='page_1' title='image "4775034_0015.png"; bbox 0 0 2633 3441; ppageno 0'>
   <div class='ocr_carea' id='block_1_1' title="bbox 154 7 247 27">
    <p class='ocr_par' dir='ltr' id='par_1_1' title="bbox 154 7 273 27">
     <span class='ocr_line' id='line_1_1' title="bbox 154 7 247 27; baseline -0.034 0"><span class='ocrx_word' id='word_1_1' title='bbox 154 20 163 27; x_wconf 29' lang='grc' dir='ltr'><strong>ν.</strong></span> <span class='ocrx_word' id='word_1_2' title='bbox 170 15 176 21; x_wconf 67' lang='grc' dir='ltr'><strong><em>ν</em></strong></span> <span class='ocrx_word' id='word_1_3' title='bbox 210 7 247 25; x_wconf 68' lang='lat'><em>:3—2.</em></span> 
     </span>
    </p>
   </div>
   <div class='ocr_carea' id='block_1_2' title="bbox 0 0 463 406">
    <p class='ocr_par' dir='ltr' id='par_1_2' title="bbox 0 0 463 406">
     <span class='ocr_line' id='line_1_2' title="bbox 0 0 463 406; baseline 0 -269"><span class='ocrx_word' id='word_1_4' title='bbox 0 0 463 406; x_wconf 95' lang='lat' dir='ltr'><strong>    </strong></span> 
     </span>
    </p>
   </div>
   <div class='ocr_carea' id='block_1_3' title="bbox 1286 59 1318 107">
    <p class='ocr_par' dir='ltr' id='par_1_3' title="bbox 1286 59 1318 107">
     <span class='ocr_line' id='line_1_3' title="bbox 1286 59 1318 107; baseline 0 0"><span class='ocrx_word' id='word_1_5' title='bbox 1286 59 1318 107; x_wconf 82' lang='lat'>9</span> 
     </span>
    </p>
   </div>
   <div class='ocr_carea' id='block_1_4' title="bbox 275 151 2388 325">
    <p class='ocr_par' dir='ltr' id='par_1_4' title="bbox 275 151 2386 316">
     <span class='ocr_line' id='line_1_4' title="bbox 277 151 2386 252; baseline -0.002 -29"><span class='ocrx_word' id='word_1_6' title='bbox 277 151 606 252; x_wconf 15' lang='lat' dir='ltr'><strong>*Jissaqmdem</strong></span> <span class='ocrx_word' id='word_1_7' title='bbox 583 190 637 222; x_wconf 76' lang='lat' dir='ltr'><strong>in</strong></span> <span class='ocrx_word' id='word_1_8' title='bbox 669 189 724 221; x_wconf 79' lang='lat' dir='ltr'><strong>ea</strong></span> <span class='ocrx_word' id='word_1_9' title='bbox 739 172 992 224; x_wconf 72' lang='lat' dir='ltr'><strong>narratione</strong></span> <span class='ocrx_word' id='word_1_10' title='bbox 1018 176 1108 237; x_wconf 62' lang='lat' dir='ltr'><strong>qua</strong></span> <span class='ocrx_word' id='word_1_11' title='bbox 1125 171 1250 232; x_wconf 76' lang='lat' dir='ltr'><strong>Asgo</strong></span> <span class='ocrx_word' id='word_1_12' title='bbox 1280 178 1411 219; x_wconf 85' lang='lat' dir='ltr'><strong>eunte</strong></span> <span class='ocrx_word' id='word_1_13' title='bbox 1432 172 1613 220; x_wconf 90' lang='lat' dir='ltr'><strong>deorum</strong></span> <span class='ocrx_word' id='word_1_14' title='bbox 1642 170 2022 234; x_wconf 87' lang='lat' dir='ltr'><strong>nympharumque</strong></span> <span class='ocrx_word' id='word_1_15' title='bbox 2053 170 2386 219; x_wconf 75' lang='lat' dir='ltr'><strong>admirationem</strong></span> 
     </span>
     <span class='ocr_line' id='line_1_5' title="bbox 275 237 2388 325; baseline -0.002 -24"><span class='ocrx_word' id='word_1_16' title='bbox 275 246 280 252; x_wconf 45' lang='lat'><strong>⁴</strong></span> <span class='ocrx_word' id='word_1_17' title='bbox 300 237 317 249; x_wconf 43' lang='lat'>⁵</span> <span class='ocrx_word' id='word_1_18' title='bbox 340 261 364 274; x_wconf 89' lang='grc'>”</span> <span class='ocrx_word' id='word_1_19' title='bbox 390 245 412 266; x_wconf 81' lang='lat'><strong><em>‘</em></strong></span> <span class='ocrx_word' id='word_1_20' title='bbox 465 268 557 301; x_wconf 77' lang='lat' dir='ltr'><strong>non</strong></span> <span class='ocrx_word' id='word_1_21' title='bbox 577 255 624 325; x_wconf 79' lang='lat' dir='ltr'><strong>in</strong></span> <span class='ocrx_word' id='word_1_22' title='bbox 645 237 711 314; x_wconf 73' lang='lat' dir='ltr'><strong>ea,</strong></span> <span class='ocrx_word' id='word_1_23' title='bbox 743 246 876 316; x_wconf 72' lang='lat' dir='ltr'><strong>quam</strong></span> <span class='ocrx_word' id='word_1_24' title='bbox 896 250 1101 308; x_wconf 79' lang='lat' dir='ltr'><strong>Catullus</strong></span> <span class='ocrx_word' id='word_1_25' title='bbox 1130 253 1187 298; x_wconf 88' lang='lat' dir='ltr'><strong>iis</strong></span> <span class='ocrx_word' id='word_1_26' title='bbox 1219 252 1420 298; x_wconf 75' lang='lat' dir='ltr'><strong>versibus</strong></span> <span class='ocrx_word' id='word_1_27' title='bbox 1441 253 1695 312; x_wconf 82' lang='lat' dir='ltr'><strong>exsequitur</strong></span> <span class='ocrx_word' id='word_1_28' title='bbox 1715 253 1792 312; x_wconf 86' lang='lat' dir='ltr'><strong>qui</strong></span> <span class='ocrx_word' id='word_1_29' title='bbox 1811 253 1942 298; x_wconf 89' lang='lat' dir='ltr'><strong>nobis</strong></span> <span class='ocrx_word' id='word_1_30' title='bbox 1964 259 2067 298; x_wconf 90' lang='lat' dir='ltr'><strong>sunt</strong></span> <span class='ocrx_word' id='word_1_31' title='bbox 2096 253 2143 297; x_wconf 93' lang='lat' dir='ltr'><strong>in</strong></span> <span class='ocrx_word' id='word_1_32' title='bbox 2165 253 2388 309; x_wconf 70' lang='lat' dir='ltr'><strong>manibusr,</strong></span> 
     </span>
    </p>
   </div>
   <div class='ocr_carea' id='block_1_5' title="bbox 0 305 2391 486">
    <p class='ocr_par' dir='ltr' id='par_1_5' title="bbox 0 305 2389 486">
     <span class='ocr_line' id='line_1_6' title="bbox 183 305 2389 394; baseline 0.001 -20"><span class='ocrx_word' id='word_1_33' title='bbox 183 344 283 388; x_wconf 59' lang='lat' dir='ltr'><strong>m</strong></span> <span class='ocrx_word' id='word_1_34' title='bbox 276 305 412 394; x_wconf 76' lang='lat' dir='ltr'><strong>qma</strong></span> <span class='ocrx_word' id='word_1_35' title='bbox 447 333 541 380; x_wconf 83' lang='lat' dir='ltr'><strong>illa</strong></span> <span class='ocrx_word' id='word_1_36' title='bbox 554 348 644 389; x_wconf 82' lang='lat' dir='ltr'><strong>non</strong></span> <span class='ocrx_word' id='word_1_37' title='bbox 683 333 826 392; x_wconf 71' lang='lat' dir='ltr'><strong>magis</strong></span> <span class='ocrx_word' id='word_1_38' title='bbox 861 332 1065 391; x_wconf 72' lang='lat' dir='ltr'><strong>vulgatae</strong></span> <span class='ocrx_word' id='word_1_39' title='bbox 1095 331 1293 391; x_wconf 87' lang='lat' dir='ltr'><strong>opinioni</strong></span> <span class='ocrx_word' id='word_1_40' title='bbox 1324 347 1455 391; x_wconf 87' lang='lat' dir='ltr'><strong>quam</strong></span> <span class='ocrx_word' id='word_1_41' title='bbox 1486 332 1646 378; x_wconf 79' lang='lat' dir='ltr'><strong>nostris</strong></span> <span class='ocrx_word' id='word_1_42' title='bbox 1683 331 1931 377; x_wconf 87' lang='lat' dir='ltr'><strong>rationibus</strong></span> <span class='ocrx_word' id='word_1_43' title='bbox 1969 331 2194 378; x_wconf 86' lang='lat' dir='ltr'><strong>adversari</strong></span> <span class='ocrx_word' id='word_1_44' title='bbox 2226 332 2389 377; x_wconf 88' lang='lat' dir='ltr'><strong>credat.</strong></span> 
     </span>
     <span class='ocr_line' id='line_1_7' title="bbox 0 404 2391 486; baseline -0.002 -26"><span class='ocrx_word' id='word_1_45' title='bbox 0 406 24 486; x_wconf 64' lang='grc' dir='ltr'><em>ξ</em></span> <span class='ocrx_word' id='word_1_46' title='bbox 187 404 328 466; x_wconf 64' lang='lat' dir='ltr'><strong>Heu</strong></span> <span class='ocrx_word' id='word_1_47' title='bbox 349 414 485 463; x_wconf 79' lang='lat' dir='ltr'><strong>secus</strong></span> <span class='ocrx_word' id='word_1_48' title='bbox 504 418 577 461; x_wconf 85' lang='lat' dir='ltr'><strong>est</strong></span> <span class='ocrx_word' id='word_1_49' title='bbox 600 412 649 459; x_wconf 88' lang='lat' dir='ltr'><strong>in</strong></span> <span class='ocrx_word' id='word_1_50' title='bbox 668 411 726 459; x_wconf 82' lang='lat' dir='ltr'><strong>iis</strong></span> <span class='ocrx_word' id='word_1_51' title='bbox 752 427 867 474; x_wconf 82' lang='lat' dir='ltr'><strong>quae</strong></span> <span class='ocrx_word' id='word_1_52' title='bbox 885 427 943 458; x_wconf 87' lang='lat' dir='ltr'><strong>ex</strong></span> <span class='ocrx_word' id='word_1_53' title='bbox 961 410 1126 472; x_wconf 82' lang='lat' dir='ltr'><strong>hymno</strong></span> <span class='ocrx_word' id='word_1_54' title='bbox 1149 410 1295 458; x_wconf 88' lang='lat' dir='ltr'><strong>Isiaco</strong></span> <span class='ocrx_word' id='word_1_55' title='bbox 1317 427 1344 457; x_wconf 88' lang='lat' dir='ltr'><strong>a</strong></span> <span class='ocrx_word' id='word_1_56' title='bbox 1363 410 1420 458; x_wconf 81' lang='lat' dir='ltr'>G</span> <span class='ocrx_word' id='word_1_57' title='bbox 1442 411 1647 458; x_wconf 86' lang='lat' dir='ltr'><strong>Kaibelio</strong></span> <span class='ocrx_word' id='word_1_58' title='bbox 1679 411 1856 471; x_wconf 84' lang='lat' dir='ltr'><strong>egregia</strong></span> <span class='ocrx_word' id='word_1_59' title='bbox 1880 418 1975 457; x_wconf 89' lang='lat' dir='ltr'><strong>arte</strong></span> <span class='ocrx_word' id='word_1_60' title='bbox 2006 417 2193 458; x_wconf 89' lang='lat' dir='ltr'><strong>tractato</strong></span> <span class='ocrx_word' id='word_1_61' title='bbox 2219 408 2391 471; x_wconf 86' lang='lat' dir='ltr'><strong>(Epigr.</strong></span> 
     </span>
    </p>
   </div>
   <div class='ocr_carea' id='block_1_6' title="bbox 226 478 2407 2688">
    <p class='ocr_par' dir='ltr' id='par_1_6' title="bbox 226 478 1953 867">
     <span class='ocr_line' id='line_1_8' title="bbox 226 478 1455 553; baseline -0.002 -13"><span class='ocrx_word' id='word_1_62' title='bbox 226 478 384 539; x_wconf 60' lang='grc' dir='ltr'><strong>ὅπου.</strong></span> <span class='ocrx_word' id='word_1_63' title='bbox 411 506 456 553; x_wconf 88' lang='lat' dir='ltr'><strong>p.</strong></span> <span class='ocrx_word' id='word_1_64' title='bbox 475 488 588 550; x_wconf 76' lang='lat'>439)</span> <span class='ocrx_word' id='word_1_65' title='bbox 618 491 675 538; x_wconf 83' lang='lat' dir='ltr'><strong>ad</strong></span> <span class='ocrx_word' id='word_1_66' title='bbox 706 489 932 538; x_wconf 85' lang='lat' dir='ltr'><strong>Catullum</strong></span> <span class='ocrx_word' id='word_1_67' title='bbox 959 490 1015 537; x_wconf 72' lang='lat' dir='ltr'><strong>R„</strong></span> <span class='ocrx_word' id='word_1_68' title='bbox 1037 490 1222 538; x_wconf 82' lang='lat' dir='ltr'><strong>Ellisius</strong></span> <span class='ocrx_word' id='word_1_69' title='bbox 1252 490 1455 538; x_wconf 85' lang='lat' dir='ltr'><strong>adhibuit</strong></span> 
     </span>
     <span class='ocr_line' id='line_1_9' title="bbox 1237 568 1953 630; baseline 0 -14"><span class='ocrx_word' id='word_1_70' title='bbox 1237 569 1383 630; x_wconf 72' lang='grc' dir='ltr'><strong>πράτα</strong></span> <span class='ocrx_word' id='word_1_71' title='bbox 1414 570 1455 615; x_wconf 84' lang='grc' dir='ltr'><strong>δ’</strong></span> <span class='ocrx_word' id='word_1_72' title='bbox 1476 571 1542 616; x_wconf 67' lang='grc' dir='ltr'><strong>ἐνὶ</strong></span> <span class='ocrx_word' id='word_1_73' title='bbox 1573 572 1752 629; x_wconf 71' lang='grc' dir='ltr'><strong>«τέλματι</strong></span> <span class='ocrx_word' id='word_1_74' title='bbox 1782 568 1953 629; x_wconf 77' lang='grc' dir='ltr'><strong><em>δούρων</em></strong></span> 
     </span>
     <span class='ocr_line' id='line_1_10' title="bbox 732 645 1829 708; baseline 0.001 -13"><span class='ocrx_word' id='word_1_75' title='bbox 732 647 963 698; x_wconf 56' lang='lat' dir='ltr'><strong>tamtan</strong></span> <span class='ocrx_word' id='word_1_76' title='bbox 991 645 1200 697; x_wconf 71' lang='grc' dir='ltr'><strong><em>ὄθὸναισι</em></strong></span> <span class='ocrx_word' id='word_1_77' title='bbox 1230 647 1353 697; x_wconf 69' lang='grc' dir='ltr'><strong>θοὰν</strong></span> <span class='ocrx_word' id='word_1_78' title='bbox 1382 648 1535 708; x_wconf 73' lang='grc' dir='ltr'><strong><em>τρόπιν</em></strong></span> <span class='ocrx_word' id='word_1_79' title='bbox 1565 648 1829 707; x_wconf 62' lang='grc' dir='ltr'><strong><em>ῑθύνεωιον,</em></strong></span> 
     </span>
     <span class='ocr_line' id='line_1_11' title="bbox 733 728 1926 788; baseline -0.001 -13"><span class='ocrx_word' id='word_1_80' title='bbox 733 728 868 788; x_wconf 57' lang='lat' dir='ltr'><strong>eldaa</strong></span> <span class='ocrx_word' id='word_1_81' title='bbox 897 728 1242 783; x_wconf 66' lang='lat' dir='ltr'><strong>aeoefflmoetiooooe,</strong></span> <span class='ocrx_word' id='word_1_82' title='bbox 1273 729 1581 788; x_wconf 79' lang='grc' dir='ltr'><strong><em>δαμαζομένας</em></strong></span> <span class='ocrx_word' id='word_1_83' title='bbox 1612 730 1661 774; x_wconf 78' lang='grc' dir='ltr'><strong>δὲ</strong></span> <span class='ocrx_word' id='word_1_84' title='bbox 1691 728 1926 781; x_wconf 75' lang='grc' dir='ltr'><strong><em>θαλάσσας</em></strong></span> 
     </span>
     <span class='ocr_line' id='line_1_12' title="bbox 614 804 1740 867; baseline 0.001 -14"><span class='ocrx_word' id='word_1_85' title='bbox 614 807 675 854; x_wconf 82' lang='lat'><strong>65</strong></span> <span class='ocrx_word' id='word_1_86' title='bbox 736 804 976 866; x_wconf 72' lang='grc' dir='ltr'><strong><em>ὦκυπόροις</em></strong></span> <span class='ocrx_word' id='word_1_87' title='bbox 1005 805 1178 861; x_wconf 53' lang='lat' dir='ltr'><strong>aarum</strong></span> <span class='ocrx_word' id='word_1_88' title='bbox 1207 806 1355 855; x_wconf 75' lang='grc' dir='ltr'><strong><em>ἑλικὰν</em></strong></span> <span class='ocrx_word' id='word_1_89' title='bbox 1385 808 1536 854; x_wconf 69' lang='grc' dir='ltr'><strong><em>ἔπεισε</em></strong></span> <span class='ocrx_word' id='word_1_90' title='bbox 1565 811 1740 867; x_wconf 72' lang='grc' dir='ltr'><strong><em>χορείαν</em></strong></span> 
     </span>
    </p>

    <p class='ocr_par' dir='ltr' id='par_1_7' title="bbox 734 884 1963 948">
     <span class='ocr_line' id='line_1_13' title="bbox 734 884 1963 948; baseline -0.001 -15"><span class='ocrx_word' id='word_1_91' title='bbox 734 887 931 946; x_wconf 74' lang='grc' dir='ltr'><strong><em>Δωρίδος</em></strong></span> <span class='ocrx_word' id='word_1_92' title='bbox 958 884 1152 945; x_wconf 48' lang='lat' dir='ltr'><strong>cilonia·</strong></span> <span class='ocrx_word' id='word_1_93' title='bbox 1185 886 1473 947; x_wconf 70' lang='grc' dir='ltr'><strong><em>περιπάλλετο</em></strong></span> <span class='ocrx_word' id='word_1_94' title='bbox 1503 888 1612 934; x_wconf 63' lang='grc' dir='ltr'><strong>δ’ἐν</strong></span> <span class='ocrx_word' id='word_1_95' title='bbox 1638 889 1765 948; x_wconf 78' lang='grc' dir='ltr'><strong><em>φρεσὶ</em></strong></span> <span class='ocrx_word' id='word_1_96' title='bbox 1785 886 1963 946; x_wconf 75' lang='grc' dir='ltr'><strong><em>θάμβος</em></strong></span> 
     </span>
    </p>

    <p class='ocr_par' dir='ltr' id='par_1_8' title="bbox 230 964 2407 2688">
     <span class='ocr_line' id='line_1_14' title="bbox 732 964 1805 1027; baseline 0.001 -14"><span class='ocrx_word' id='word_1_97' title='bbox 732 968 924 1026; x_wconf 69' lang='grc' dir='ltr'><strong><em>εἰρεσίαν</em></strong></span> <span class='ocrx_word' id='word_1_98' title='bbox 953 964 1148 1027; x_wconf 75' lang='grc' dir='ltr'><strong><em>ἇδοίητον</em></strong></span> <span class='ocrx_word' id='word_1_99' title='bbox 1178 968 1234 1013; x_wconf 79' lang='grc' dir='ltr'><strong>ἔτ’</strong></span> <span class='ocrx_word' id='word_1_100' title='bbox 1254 967 1425 1027; x_wconf 76' lang='grc' dir='ltr'><strong><em>ὅθμασι</em></strong></span> <span class='ocrx_word' id='word_1_101' title='bbox 1455 971 1805 1021; x_wconf 54' lang='lat' dir='ltr'><strong>mummolenus.</strong></span> 
     </span>
     <span class='ocr_line' id='line_1_15' title="bbox 230 1046 2399 1108; baseline -0.001 -16"><span class='ocrx_word' id='word_1_102' title='bbox 230 1046 355 1093; x_wconf 85' lang='lat' dir='ltr'><strong>Haec</strong></span> <span class='ocrx_word' id='word_1_103' title='bbox 391 1047 508 1093; x_wconf 91' lang='lat' dir='ltr'><strong>enim</strong></span> <span class='ocrx_word' id='word_1_104' title='bbox 545 1047 704 1107; x_wconf 89' lang='lat' dir='ltr'><strong>quibus</strong></span> <span class='ocrx_word' id='word_1_105' title='bbox 741 1046 923 1094; x_wconf 80' lang='lat' dir='ltr'>Doridis</span> <span class='ocrx_word' id='word_1_106' title='bbox 953 1053 1081 1094; x_wconf 85' lang='lat' dir='ltr'><strong>natas</strong></span> <span class='ocrx_word' id='word_1_107' title='bbox 1121 1047 1242 1093; x_wconf 90' lang='lat' dir='ltr'><strong>chori</strong></span> <span class='ocrx_word' id='word_1_108' title='bbox 1279 1049 1419 1094; x_wconf 90' lang='lat' dir='ltr'><strong>instar</strong></span> <span class='ocrx_word' id='word_1_109' title='bbox 1449 1048 1773 1108; x_wconf 79' lang='lat' dir='ltr'><strong>obstupefactae</strong></span> <span class='ocrx_word' id='word_1_110' title='bbox 1804 1063 1964 1093; x_wconf 78' lang='lat' dir='ltr'><strong>navem</strong></span> <span class='ocrx_word' id='word_1_111' title='bbox 1989 1047 2178 1106; x_wconf 84' lang='lat' dir='ltr'><strong>primam</strong></span> <span class='ocrx_word' id='word_1_112' title='bbox 2209 1060 2399 1104; x_wconf 81' lang='lat' dir='ltr'><strong>aequora</strong></span> 
     </span>
     <span class='ocr_line' id='line_1_16' title="bbox 233 1125 2399 1187; baseline -0.001 -16"><span class='ocrx_word' id='word_1_113' title='bbox 233 1125 533 1173; x_wconf 81' lang='lat' dir='ltr'><strong>decurrentem</strong></span> <span class='ocrx_word' id='word_1_114' title='bbox 553 1126 897 1179; x_wconf 76' lang='lat' dir='ltr'><strong>circumstetisse</strong></span> <span class='ocrx_word' id='word_1_115' title='bbox 917 1126 1116 1185; x_wconf 86' lang='lat' dir='ltr'><strong>traditur,</strong></span> <span class='ocrx_word' id='word_1_116' title='bbox 1150 1142 1415 1187; x_wconf 87' lang='lat' dir='ltr'><strong>quamquam</strong></span> <span class='ocrx_word' id='word_1_117' title='bbox 1444 1127 1572 1174; x_wconf 87' lang='lat' dir='ltr'><strong>facile</strong></span> <span class='ocrx_word' id='word_1_118' title='bbox 1604 1127 1757 1173; x_wconf 89' lang='lat' dir='ltr'><strong>damus</strong></span> <span class='ocrx_word' id='word_1_119' title='bbox 1779 1128 1943 1172; x_wconf 87' lang='lat' dir='ltr'><strong>bonam</strong></span> <span class='ocrx_word' id='word_1_120' title='bbox 1962 1132 2132 1185; x_wconf 88' lang='lat' dir='ltr'><strong>partem</strong></span> <span class='ocrx_word' id='word_1_121' title='bbox 2162 1125 2399 1170; x_wconf 84' lang='lat' dir='ltr'><strong>memoriae</strong></span> 
     </span>
     <span class='ocr_line' id='line_1_17' title="bbox 232 1193 2399 1265; baseline -0.001 -15"><span class='ocrx_word' id='word_1_122' title='bbox 232 1193 702 1252; x_wconf 38' lang='lat' dir='ltr'><strong>carminis&#39;Oatulliani</strong></span> <span class='ocrx_word' id='word_1_123' title='bbox 721 1212 903 1265; x_wconf 87' lang='lat' dir='ltr'><strong>accepta</strong></span> <span class='ocrx_word' id='word_1_124' title='bbox 931 1206 1049 1264; x_wconf 86' lang='lat' dir='ltr'><strong>ferri,</strong></span> <span class='ocrx_word' id='word_1_125' title='bbox 1082 1213 1228 1251; x_wconf 88' lang='lat' dir='ltr'><strong>tamen</strong></span> <span class='ocrx_word' id='word_1_126' title='bbox 1259 1222 1349 1251; x_wconf 91' lang='lat' dir='ltr'><strong>non</strong></span> <span class='ocrx_word' id='word_1_127' title='bbox 1379 1207 1519 1264; x_wconf 89' lang='lat' dir='ltr'><strong>magis</strong></span> <span class='ocrx_word' id='word_1_128' title='bbox 1541 1221 1674 1265; x_wconf 89' lang='lat' dir='ltr'><strong>quam</strong></span> <span class='ocrx_word' id='word_1_129' title='bbox 1695 1220 1851 1250; x_wconf 83' lang='lat' dir='ltr'><strong>versus</strong></span> <span class='ocrx_word' id='word_1_130' title='bbox 1872 1204 2100 1263; x_wconf 83' lang='lat' dir='ltr'><strong>Apollonii</strong></span> <span class='ocrx_word' id='word_1_131' title='bbox 2131 1203 2177 1247; x_wconf 91' lang='lat' dir='ltr'><strong>id</strong></span> <span class='ocrx_word' id='word_1_132' title='bbox 2208 1218 2399 1248; x_wconf 90' lang='lat' dir='ltr'><strong>momen-</strong></span> 
     </span>
     <span class='ocr_line' id='line_1_18' title="bbox 232 1281 2399 1343; baseline -0.001 -15"><span class='ocrx_word' id='word_1_133' title='bbox 232 1289 326 1328; x_wconf 89' lang='lat' dir='ltr'><strong>tum</strong></span> <span class='ocrx_word' id='word_1_134' title='bbox 355 1283 619 1329; x_wconf 86' lang='lat' dir='ltr'><strong>narrationis</strong></span> <span class='ocrx_word' id='word_1_135' title='bbox 641 1281 919 1329; x_wconf 85' lang='lat' dir='ltr'><strong>Catullianae</strong></span> <span class='ocrx_word' id='word_1_136' title='bbox 949 1284 1183 1343; x_wconf 86' lang='lat' dir='ltr'><strong>attingunt,</strong></span> <span class='ocrx_word' id='word_1_137' title='bbox 1215 1285 1262 1328; x_wconf 90' lang='lat' dir='ltr'><strong>in</strong></span> <span class='ocrx_word' id='word_1_138' title='bbox 1293 1300 1379 1343; x_wconf 88' lang='lat' dir='ltr'><strong>quo</strong></span> <span class='ocrx_word' id='word_1_139' title='bbox 1400 1299 1481 1328; x_wconf 91' lang='lat' dir='ltr'><strong>nos</strong></span> <span class='ocrx_word' id='word_1_140' title='bbox 1503 1284 1735 1329; x_wconf 87' lang='lat' dir='ltr'><strong>haeremus</strong></span> <span class='ocrx_word' id='word_1_141' title='bbox 1766 1283 1976 1340; x_wconf 78' lang='lat' dir='ltr'><strong>ambigui.</strong></span> <span class='ocrx_word' id='word_1_142' title='bbox 2023 1283 2167 1327; x_wconf 90' lang='lat' dir='ltr'><strong>Immo</strong></span> <span class='ocrx_word' id='word_1_143' title='bbox 2192 1282 2276 1327; x_wconf 89' lang='lat' dir='ltr'><strong>hoc</strong></span> <span class='ocrx_word' id='word_1_144' title='bbox 2303 1297 2399 1341; x_wconf 89' lang='lat' dir='ltr'><strong>pro-</strong></span> 
     </span>
     <span class='ocr_line' id='line_1_19' title="bbox 233 1359 2399 1422; baseline 0 -16"><span class='ocrx_word' id='word_1_145' title='bbox 233 1361 377 1421; x_wconf 90' lang='lat' dir='ltr'><strong>prium</strong></span> <span class='ocrx_word' id='word_1_146' title='bbox 414 1368 482 1408; x_wconf 90' lang='lat' dir='ltr'><strong>est</strong></span> <span class='ocrx_word' id='word_1_147' title='bbox 513 1359 696 1420; x_wconf 82' lang='lat' dir='ltr'><strong>Catulli,</strong></span> <span class='ocrx_word' id='word_1_148' title='bbox 731 1361 846 1421; x_wconf 92' lang='lat' dir='ltr'><strong>quod</strong></span> <span class='ocrx_word' id='word_1_149' title='bbox 879 1377 978 1408; x_wconf 89' lang='lat' dir='ltr'><strong>cum</strong></span> <span class='ocrx_word' id='word_1_150' title='bbox 1008 1361 1189 1408; x_wconf 85' lang='lat' dir='ltr'><strong>referret</strong></span> <span class='ocrx_word' id='word_1_151' title='bbox 1224 1361 1517 1422; x_wconf 78' lang='lat' dir='ltr'><strong>nympharum</strong></span> <span class='ocrx_word' id='word_1_152' title='bbox 1555 1361 1891 1408; x_wconf 76' lang='lat' dir='ltr'><strong>admirationem</strong></span> <span class='ocrx_word' id='word_1_153' title='bbox 1922 1361 2050 1407; x_wconf 82' lang='lat' dir='ltr'><strong>navis</strong></span> <span class='ocrx_word' id='word_1_154' title='bbox 2081 1360 2277 1419; x_wconf 81' lang='lat' dir='ltr'><strong>divinae,</strong></span> <span class='ocrx_word' id='word_1_155' title='bbox 2310 1377 2399 1406; x_wconf 89' lang='lat' dir='ltr'><strong>non</strong></span> 
     </span>
     <span class='ocr_line' id='line_1_20' title="bbox 233 1440 2401 1500; baseline -0.001 -14"><span class='ocrx_word' id='word_1_156' title='bbox 233 1440 432 1487; x_wconf 83' lang='lat' dir='ltr'><strong>substitit</strong></span> <span class='ocrx_word' id='word_1_157' title='bbox 459 1441 507 1486; x_wconf 89' lang='lat' dir='ltr'><strong>in</strong></span> <span class='ocrx_word' id='word_1_158' title='bbox 538 1455 605 1497; x_wconf 90' lang='lat' dir='ltr'><strong>ea,</strong></span> <span class='ocrx_word' id='word_1_159' title='bbox 638 1440 715 1487; x_wconf 90' lang='lat' dir='ltr'><strong>sed</strong></span> <span class='ocrx_word' id='word_1_160' title='bbox 739 1440 822 1487; x_wconf 90' lang='lat' dir='ltr'><strong>hoc</strong></span> <span class='ocrx_word' id='word_1_161' title='bbox 843 1440 1024 1499; x_wconf 78' lang='lat' dir='ltr'><strong>addidit,</strong></span> <span class='ocrx_word' id='word_1_162' title='bbox 1057 1440 1175 1500; x_wconf 90' lang='lat' dir='ltr'><strong>quod</strong></span> <span class='ocrx_word' id='word_1_163' title='bbox 1207 1455 1307 1486; x_wconf 89' lang='lat' dir='ltr'><strong>cum</strong></span> <span class='ocrx_word' id='word_1_164' title='bbox 1338 1440 1408 1486; x_wconf 87' lang='lat' dir='ltr'><strong>sui</strong></span> <span class='ocrx_word' id='word_1_165' title='bbox 1439 1440 1646 1486; x_wconf 81' lang='lat' dir='ltr'><strong>carminis</strong></span> <span class='ocrx_word' id='word_1_166' title='bbox 1667 1448 1923 1498; x_wconf 87' lang='lat' dir='ltr'><strong>argumento</strong></span> <span class='ocrx_word' id='word_1_167' title='bbox 1944 1441 2099 1486; x_wconf 90' lang='lat' dir='ltr'><strong>intime</strong></span> <span class='ocrx_word' id='word_1_168' title='bbox 2120 1440 2401 1485; x_wconf 86' lang='lat' dir='ltr'><strong>coniunctum</strong></span> 
     </span>
     <span class='ocr_line' id='line_1_21' title="bbox 234 1518 2403 1582; baseline -0 -18"><span class='ocrx_word' id='word_1_169' title='bbox 234 1525 314 1578; x_wconf 89' lang='lat' dir='ltr'><strong>est,</strong></span> <span class='ocrx_word' id='word_1_170' title='bbox 341 1525 436 1582; x_wconf 88' lang='lat' dir='ltr'><strong>tum</strong></span> <span class='ocrx_word' id='word_1_171' title='bbox 453 1519 617 1566; x_wconf 76' lang='lat' dir='ltr'><strong>factum</strong></span> <span class='ocrx_word' id='word_1_172' title='bbox 639 1535 749 1578; x_wconf 87' lang='lat' dir='ltr'><strong>esse,</strong></span> <span class='ocrx_word' id='word_1_173' title='bbox 782 1526 831 1564; x_wconf 91' lang='lat' dir='ltr'><strong>ut</strong></span> <span class='ocrx_word' id='word_1_174' title='bbox 855 1519 997 1565; x_wconf 91' lang='lat' dir='ltr'><strong>nudas</strong></span> <span class='ocrx_word' id='word_1_175' title='bbox 1023 1518 1242 1578; x_wconf 81' lang='lat' dir='ltr'><strong>nymphas</strong></span> <span class='ocrx_word' id='word_1_176' title='bbox 1272 1519 1467 1564; x_wconf 88' lang='lat' dir='ltr'><strong>marinas</strong></span> <span class='ocrx_word' id='word_1_177' title='bbox 1487 1519 1840 1578; x_wconf 84' lang='lat' dir='ltr'><strong>Argonautarum</strong></span> <span class='ocrx_word' id='word_1_178' title='bbox 1874 1519 1990 1564; x_wconf 88' lang='lat' dir='ltr'><strong>oculi</strong></span> <span class='ocrx_word' id='word_1_179' title='bbox 2016 1519 2227 1564; x_wconf 85' lang='lat' dir='ltr'><strong>viderent.</strong></span> <span class='ocrx_word' id='word_1_180' title='bbox 2275 1518 2328 1563; x_wconf 92' lang='lat' dir='ltr'><strong>In</strong></span> <span class='ocrx_word' id='word_1_181' title='bbox 2351 1534 2403 1562; x_wconf 91' lang='lat' dir='ltr'><strong>ea</strong></span> 
     </span>
     <span class='ocr_line' id='line_1_22' title="bbox 234 1598 2402 1657; baseline -0.001 -13"><span class='ocrx_word' id='word_1_182' title='bbox 234 1614 338 1644; x_wconf 80' lang='lat' dir='ltr'><strong>vero</strong></span> <span class='ocrx_word' id='word_1_183' title='bbox 367 1615 416 1644; x_wconf 91' lang='lat' dir='ltr'><strong>re</strong></span> <span class='ocrx_word' id='word_1_184' title='bbox 446 1599 522 1644; x_wconf 88' lang='lat' dir='ltr'><strong>ille</strong></span> <span class='ocrx_word' id='word_1_185' title='bbox 551 1600 615 1644; x_wconf 89' lang='lat' dir='ltr'><strong>ita</strong></span> <span class='ocrx_word' id='word_1_186' title='bbox 643 1605 843 1644; x_wconf 84' lang='lat' dir='ltr'><strong>versatus</strong></span> <span class='ocrx_word' id='word_1_187' title='bbox 875 1605 956 1656; x_wconf 87' lang='lat' dir='ltr'><strong>est,</strong></span> <span class='ocrx_word' id='word_1_188' title='bbox 989 1599 1029 1643; x_wconf 91' lang='lat' dir='ltr'><strong>si</strong></span> <span class='ocrx_word' id='word_1_189' title='bbox 1049 1598 1227 1657; x_wconf 88' lang='lat' dir='ltr'><strong>quidem</strong></span> <span class='ocrx_word' id='word_1_190' title='bbox 1249 1599 1510 1657; x_wconf 87' lang='lat' dir='ltr'><strong>scripturam</strong></span> <span class='ocrx_word' id='word_1_191' title='bbox 1531 1606 1736 1646; x_wconf 84' lang='lat' dir='ltr'><strong>testatam</strong></span> <span class='ocrx_word' id='word_1_192' title='bbox 1767 1599 2002 1657; x_wconf 84' lang='lat' dir='ltr'><strong>sequimur,</strong></span> <span class='ocrx_word' id='word_1_193' title='bbox 2036 1599 2107 1643; x_wconf 79' lang='lat' dir='ltr'><strong>vel</strong></span> <span class='ocrx_word' id='word_1_194' title='bbox 2137 1599 2259 1642; x_wconf 88' lang='lat' dir='ltr'><strong>illam</strong></span> <span class='ocrx_word' id='word_1_195' title='bbox 2291 1613 2402 1656; x_wconf 87' lang='lat' dir='ltr'><strong>quae</strong></span> 
     </span>
     <span class='ocr_line' id='line_1_23' title="bbox 235 1675 2404 1737; baseline -0 -15"><span class='ocrx_word' id='word_1_196' title='bbox 235 1684 305 1723; x_wconf 85' lang='lat' dir='ltr'><strong>est</strong></span> <span class='ocrx_word' id='word_1_197' title='bbox 333 1678 380 1722; x_wconf 89' lang='lat' dir='ltr'><strong>in</strong></span> <span class='ocrx_word' id='word_1_198' title='bbox 412 1678 562 1723; x_wconf 89' lang='lat' dir='ltr'><strong>codice</strong></span> <span class='ocrx_word' id='word_1_199' title='bbox 584 1675 956 1736; x_wconf 83' lang='lat' dir='ltr'><strong>Sangermanensi</strong></span> <span class='ocrx_word' id='word_1_200' title='bbox 985 1677 1066 1722; x_wconf 72' lang='lat' dir='ltr'><strong>illa</strong></span> <span class='ocrx_word' id='word_1_201' title='bbox 1091 1686 1220 1737; x_wconf 78' lang='lat' dir='ltr'><strong>atque</strong></span> <span class='ocrx_word' id='word_1_202' title='bbox 1245 1678 1339 1722; x_wconf 75' lang='lat' dir='ltr'><strong>alia</strong></span> <span class='ocrx_word' id='word_1_203' title='bbox 1357 1679 1560 1723; x_wconf 69' lang='lat' dir='ltr'><strong>viderunt</strong></span> <span class='ocrx_word' id='word_1_204' title='bbox 1579 1679 1682 1735; x_wconf 83' lang='lat' dir='ltr'><strong>luce,</strong></span> <span class='ocrx_word' id='word_1_205' title='bbox 1717 1678 1788 1723; x_wconf 84' lang='lat' dir='ltr'><strong>vel</strong></span> <span class='ocrx_word' id='word_1_206' title='bbox 1809 1694 1938 1736; x_wconf 86' lang='lat' dir='ltr'><strong>quam</strong></span> <span class='ocrx_word' id='word_1_207' title='bbox 1959 1694 2042 1723; x_wconf 92' lang='lat' dir='ltr'><strong>nos</strong></span> <span class='ocrx_word' id='word_1_208' title='bbox 2064 1677 2194 1722; x_wconf 87' lang='lat' dir='ltr'><strong>huius</strong></span> <span class='ocrx_word' id='word_1_209' title='bbox 2218 1677 2404 1734; x_wconf 84' lang='lat' dir='ltr'><strong>vestigia</strong></span> 
     </span>
     <span class='ocr_line' id='line_1_24' title="bbox 235 1756 2403 1816; baseline -0 -14"><span class='ocrx_word' id='word_1_210' title='bbox 235 1763 496 1816; x_wconf 85' lang='lat' dir='ltr'><strong>prementes,</strong></span> <span class='ocrx_word' id='word_1_211' title='bbox 529 1756 766 1805; x_wconf 82' lang='lat' dir='ltr'><strong>adiuvante</strong></span> <span class='ocrx_word' id='word_1_212' title='bbox 786 1757 924 1802; x_wconf 88' lang='lat' dir='ltr'><strong>altero</strong></span> <span class='ocrx_word' id='word_1_213' title='bbox 956 1757 1119 1814; x_wconf 89' lang='lat' dir='ltr'><strong>codice,</strong></span> <span class='ocrx_word' id='word_1_214' title='bbox 1153 1757 1459 1802; x_wconf 89' lang='lat' dir='ltr'><strong>constituimus</strong></span> <span class='ocrx_word' id='word_1_215' title='bbox 1490 1758 1572 1802; x_wconf 74' lang='lat' dir='ltr'><strong>illa</strong></span> <span class='ocrx_word' id='word_1_216' title='bbox 1591 1758 1685 1803; x_wconf 76' lang='lat' dir='ltr'><strong>alia</strong></span> <span class='ocrx_word' id='word_1_217' title='bbox 1704 1767 1831 1816; x_wconf 80' lang='lat' dir='ltr'><strong>atque</strong></span> <span class='ocrx_word' id='word_1_218' title='bbox 1853 1758 1943 1802; x_wconf 74' lang='lat' dir='ltr'><strong>alia</strong></span> <span class='ocrx_word' id='word_1_219' title='bbox 1962 1758 2162 1802; x_wconf 73' lang='lat' dir='ltr'><strong>viderunt</strong></span> <span class='ocrx_word' id='word_1_220' title='bbox 2183 1756 2286 1815; x_wconf 77' lang='lat' dir='ltr'><strong>luce,</strong></span> <span class='ocrx_word' id='word_1_221' title='bbox 2316 1772 2403 1801; x_wconf 91' lang='lat' dir='ltr'><strong>non</strong></span> 
     </span>
     <span class='ocr_line' id='line_1_25' title="bbox 236 1820 2403 1896; baseline 0 -16"><span class='ocrx_word' id='word_1_222' title='bbox 236 1841 286 1881; x_wconf 93' lang='lat' dir='ltr'><strong>ut</strong></span> <span class='ocrx_word' id='word_1_223' title='bbox 314 1834 393 1880; x_wconf 90' lang='lat' dir='ltr'><strong>illa</strong></span> <span class='ocrx_word' id='word_1_224' title='bbox 424 1851 512 1881; x_wconf 89' lang='lat' dir='ltr'><strong>una</strong></span> <span class='ocrx_word' id='word_1_225' title='bbox 541 1835 639 1880; x_wconf 89' lang='lat' dir='ltr'><strong>luce</strong></span> <span class='ocrx_word' id='word_1_226' title='bbox 671 1838 759 1895; x_wconf 88' lang='lat' dir='ltr'><strong>qua</strong></span> <span class='ocrx_word' id='word_1_227' title='bbox 790 1820 934 1895; x_wconf 82' lang='lat' dir='ltr'><strong>coepit</strong></span> <span class='ocrx_word' id='word_1_228' title='bbox 964 1835 1087 1894; x_wconf 84' lang='lat' dir='ltr'><strong>Argo</strong></span> <span class='ocrx_word' id='word_1_229' title='bbox 1125 1850 1301 1893; x_wconf 87' lang='lat' dir='ltr'><strong>cursum</strong></span> <span class='ocrx_word' id='word_1_230' title='bbox 1339 1841 1558 1895; x_wconf 86' lang='lat' dir='ltr'><strong>spectatas</strong></span> <span class='ocrx_word' id='word_1_231' title='bbox 1590 1851 1688 1882; x_wconf 90' lang='lat' dir='ltr'><strong>esse</strong></span> <span class='ocrx_word' id='word_1_232' title='bbox 1718 1836 1956 1896; x_wconf 85' lang='lat' dir='ltr'><strong>nymphas,</strong></span> <span class='ocrx_word' id='word_1_233' title='bbox 1996 1835 2074 1882; x_wconf 91' lang='lat' dir='ltr'><strong>sed</strong></span> <span class='ocrx_word' id='word_1_234' title='bbox 2104 1841 2278 1895; x_wconf 86' lang='lat' dir='ltr'><strong>praeter</strong></span> <span class='ocrx_word' id='word_1_235' title='bbox 2307 1850 2403 1880; x_wconf 91' lang='lat' dir='ltr'><strong>eam</strong></span> 
     </span>
     <span class='ocr_line' id='line_1_26' title="bbox 236 1913 2403 1975; baseline 0 -15"><span class='ocrx_word' id='word_1_236' title='bbox 236 1914 375 1960; x_wconf 90' lang='lat' dir='ltr'><strong>multa</strong></span> <span class='ocrx_word' id='word_1_237' title='bbox 404 1914 492 1960; x_wconf 89' lang='lat' dir='ltr'><strong>alia</strong></span> <span class='ocrx_word' id='word_1_238' title='bbox 523 1914 608 1961; x_wconf 90' lang='lat' dir='ltr'><strong>hoc</strong></span> <span class='ocrx_word' id='word_1_239' title='bbox 636 1914 754 1959; x_wconf 88' lang='lat' dir='ltr'><strong>idem</strong></span> <span class='ocrx_word' id='word_1_240' title='bbox 786 1913 1002 1960; x_wconf 87' lang='lat' dir='ltr'><strong>accidisse</strong></span> <span class='ocrx_word' id='word_1_241' title='bbox 1033 1914 1264 1972; x_wconf 82' lang='lat' dir='ltr'><strong>scriberet3</strong></span> <span class='ocrx_word' id='word_1_242' title='bbox 1298 1921 1343 1960; x_wconf 90' lang='lat' dir='ltr'><strong>et</strong></span> <span class='ocrx_word' id='word_1_243' title='bbox 1363 1915 1439 1975; x_wconf 90' lang='lat' dir='ltr'><strong>qui</strong></span> <span class='ocrx_word' id='word_1_244' title='bbox 1459 1915 1597 1961; x_wconf 91' lang='lat' dir='ltr'><strong>libero</strong></span> <span class='ocrx_word' id='word_1_245' title='bbox 1627 1931 1722 1961; x_wconf 91' lang='lat' dir='ltr'><strong>rem</strong></span> <span class='ocrx_word' id='word_1_246' title='bbox 1752 1915 1914 1961; x_wconf 90' lang='lat' dir='ltr'><strong>iudicio</strong></span> <span class='ocrx_word' id='word_1_247' title='bbox 1947 1915 2161 1972; x_wconf 88' lang='lat' dir='ltr'><strong>aestimat,</strong></span> <span class='ocrx_word' id='word_1_248' title='bbox 2195 1914 2403 1974; x_wconf 90' lang='lat' dir='ltr'><strong>quoniam</strong></span> 
     </span>
     <span class='ocr_line' id='line_1_27' title="bbox 236 1992 2402 2054; baseline 0 -17"><span class='ocrx_word' id='word_1_249' title='bbox 236 1992 346 2038; x_wconf 86' lang='lat' dir='ltr'><strong>haec</strong></span> <span class='ocrx_word' id='word_1_250' title='bbox 376 1993 596 2038; x_wconf 85' lang='lat' dir='ltr'><strong>sententia</strong></span> <span class='ocrx_word' id='word_1_251' title='bbox 625 2008 713 2038; x_wconf 89' lang='lat' dir='ltr'><strong>non</strong></span> <span class='ocrx_word' id='word_1_252' title='bbox 744 1999 836 2038; x_wconf 89' lang='lat' dir='ltr'><strong>tam</strong></span> <span class='ocrx_word' id='word_1_253' title='bbox 866 1994 1091 2053; x_wconf 83' lang='lat' dir='ltr'><strong>superiora</strong></span> <span class='ocrx_word' id='word_1_254' title='bbox 1121 1993 1287 2039; x_wconf 82' lang='lat' dir='ltr'><strong>claudit</strong></span> <span class='ocrx_word' id='word_1_255' title='bbox 1317 2009 1450 2053; x_wconf 86' lang='lat' dir='ltr'><strong>quam</strong></span> <span class='ocrx_word' id='word_1_256' title='bbox 1480 2002 1712 2054; x_wconf 87' lang='lat' dir='ltr'><strong>praeparat</strong></span> <span class='ocrx_word' id='word_1_257' title='bbox 1740 1995 2038 2054; x_wconf 87' lang='lat' dir='ltr'><strong>insequentia,</strong></span> <span class='ocrx_word' id='word_1_258' title='bbox 2076 1994 2283 2039; x_wconf 85' lang='lat' dir='ltr'><strong>fatebitur</strong></span> <span class='ocrx_word' id='word_1_259' title='bbox 2314 2009 2402 2038; x_wconf 92' lang='lat' dir='ltr'><strong>non</strong></span> 
     </span>
     <span class='ocr_line' id='line_1_28' title="bbox 236 2071 2405 2133; baseline 0 -17"><span class='ocrx_word' id='word_1_260' title='bbox 236 2072 395 2118; x_wconf 85' lang='lat' dir='ltr'><strong>inscite</strong></span> <span class='ocrx_word' id='word_1_261' title='bbox 431 2071 516 2117; x_wconf 90' lang='lat' dir='ltr'><strong>hoc</strong></span> <span class='ocrx_word' id='word_1_262' title='bbox 551 2078 726 2132; x_wconf 86' lang='lat' dir='ltr'><strong>poetam</strong></span> <span class='ocrx_word' id='word_1_263' title='bbox 756 2073 1021 2130; x_wconf 87' lang='lat' dir='ltr'><strong>instituisse,</strong></span> <span class='ocrx_word' id='word_1_264' title='bbox 1055 2073 1171 2132; x_wconf 92' lang='lat' dir='ltr'><strong>quod</strong></span> <span class='ocrx_word' id='word_1_265' title='bbox 1199 2073 1412 2118; x_wconf 86' lang='lat' dir='ltr'><strong>Nereides</strong></span> <span class='ocrx_word' id='word_1_266' title='bbox 1444 2089 1533 2119; x_wconf 89' lang='lat' dir='ltr'><strong>non</strong></span> <span class='ocrx_word' id='word_1_267' title='bbox 1560 2074 1638 2118; x_wconf 90' lang='lat' dir='ltr'><strong>illo</strong></span> <span class='ocrx_word' id='word_1_268' title='bbox 1667 2074 1738 2118; x_wconf 90' lang='lat' dir='ltr'><strong>die</strong></span> <span class='ocrx_word' id='word_1_269' title='bbox 1770 2074 1864 2120; x_wconf 92' lang='lat' dir='ltr'><strong>solo</strong></span> <span class='ocrx_word' id='word_1_270' title='bbox 1892 2089 1977 2133; x_wconf 93' lang='lat' dir='ltr'><strong>quo</strong></span> <span class='ocrx_word' id='word_1_271' title='bbox 2007 2073 2198 2132; x_wconf 90' lang='lat' dir='ltr'><strong>primum</strong></span> <span class='ocrx_word' id='word_1_272' title='bbox 2229 2073 2405 2117; x_wconf 79' lang='lat' dir='ltr'><strong>fremitu</strong></span> 
     </span>
     <span class='ocr_line' id='line_1_29' title="bbox 238 2140 2403 2212; baseline -0 -16"><span class='ocrx_word' id='word_1_273' title='bbox 238 2151 428 2196; x_wconf 84' lang='lat' dir='ltr'><strong>volantis</strong></span> <span class='ocrx_word' id='word_1_274' title='bbox 458 2151 585 2196; x_wconf 81' lang='lat' dir='ltr'><strong>navis</strong></span> <span class='ocrx_word' id='word_1_275' title='bbox 616 2140 831 2196; x_wconf 78' lang='lat' dir='ltr'><strong>excitatae</strong></span> <span class='ocrx_word' id='word_1_276' title='bbox 861 2167 918 2196; x_wconf 85' lang='lat' dir='ltr'><strong>ex</strong></span> <span class='ocrx_word' id='word_1_277' title='bbox 944 2151 1035 2196; x_wconf 86' lang='lat' dir='ltr'><strong>alto</strong></span> <span class='ocrx_word' id='word_1_278' title='bbox 1056 2158 1329 2197; x_wconf 88' lang='lat' dir='ltr'><strong>emerserunt</strong></span> <span class='ocrx_word' id='word_1_279' title='bbox 1346 2145 1438 2198; x_wconf 74' lang='lat' dir='ltr'><strong>&#39;sed</strong></span> <span class='ocrx_word' id='word_1_280' title='bbox 1458 2154 1515 2198; x_wconf 88' lang='lat' dir='ltr'><strong>ab</strong></span> <span class='ocrx_word' id='word_1_281' title='bbox 1548 2168 1599 2198; x_wconf 91' lang='lat' dir='ltr'><strong>eo</strong></span> <span class='ocrx_word' id='word_1_282' title='bbox 1630 2154 1757 2198; x_wconf 90' lang='lat' dir='ltr'><strong>initio</strong></span> <span class='ocrx_word' id='word_1_283' title='bbox 1789 2153 2006 2212; x_wconf 86' lang='lat' dir='ltr'><strong>profectas</strong></span> <span class='ocrx_word' id='word_1_284' title='bbox 2037 2153 2125 2197; x_wconf 87' lang='lat' dir='ltr'><strong>alio</strong></span> <span class='ocrx_word' id='word_1_285' title='bbox 2157 2159 2287 2211; x_wconf 86' lang='lat' dir='ltr'><strong>atque</strong></span> <span class='ocrx_word' id='word_1_286' title='bbox 2319 2152 2403 2196; x_wconf 90' lang='lat' dir='ltr'><strong>alio</strong></span> 
     </span>
     <span class='ocr_line' id='line_1_30' title="bbox 239 2228 2406 2293; baseline 0.001 -19"><span class='ocrx_word' id='word_1_287' title='bbox 239 2228 324 2287; x_wconf 87' lang='lat' dir='ltr'><strong>die,</strong></span> <span class='ocrx_word' id='word_1_288' title='bbox 357 2228 461 2275; x_wconf 90' lang='lat' dir='ltr'><strong>dum</strong></span> <span class='ocrx_word' id='word_1_289' title='bbox 482 2231 626 2289; x_wconf 85' lang='lat' dir='ltr'><strong>pergit</strong></span> <span class='ocrx_word' id='word_1_290' title='bbox 644 2231 768 2288; x_wconf 86' lang='lat' dir='ltr'><strong>Argo</strong></span> <span class='ocrx_word' id='word_1_291' title='bbox 795 2229 1050 2275; x_wconf 86' lang='lat' dir='ltr'><strong>inchoatum</strong></span> <span class='ocrx_word' id='word_1_292' title='bbox 1081 2245 1257 2293; x_wconf 83' lang='lat' dir='ltr'><strong>cursum</strong></span> <span class='ocrx_word' id='word_1_293' title='bbox 1287 2231 1482 2290; x_wconf 87' lang='lat' dir='ltr'><strong>exsequi,</strong></span> <span class='ocrx_word' id='word_1_294' title='bbox 1515 2233 1819 2290; x_wconf 83' lang='lat' dir='ltr'><strong>navigantium</strong></span> <span class='ocrx_word' id='word_1_295' title='bbox 1845 2232 2027 2277; x_wconf 90' lang='lat' dir='ltr'><strong>heroum</strong></span> <span class='ocrx_word' id='word_1_296' title='bbox 2055 2231 2102 2276; x_wconf 89' lang='lat' dir='ltr'><strong>in</strong></span> <span class='ocrx_word' id='word_1_297' title='bbox 2124 2238 2406 2290; x_wconf 88' lang='lat' dir='ltr'><strong>conspectum</strong></span> 
     </span>
     <span class='ocr_line' id='line_1_31' title="bbox 238 2307 2407 2368; baseline 0 -14"><span class='ocrx_word' id='word_1_298' title='bbox 238 2308 414 2354; x_wconf 83' lang='lat' dir='ltr'><strong>venisse</strong></span> <span class='ocrx_word' id='word_1_299' title='bbox 444 2307 610 2367; x_wconf 84' lang='lat' dir='ltr'><strong>prodit3</strong></span> <span class='ocrx_word' id='word_1_300' title='bbox 643 2323 730 2367; x_wconf 92' lang='lat' dir='ltr'><strong>quo</strong></span> <span class='ocrx_word' id='word_1_301' title='bbox 760 2307 932 2353; x_wconf 85' lang='lat' dir='ltr'><strong>facilius</strong></span> <span class='ocrx_word' id='word_1_302' title='bbox 960 2307 1007 2353; x_wconf 93' lang='lat' dir='ltr'><strong>id</strong></span> <span class='ocrx_word' id='word_1_303' title='bbox 1029 2307 1146 2367; x_wconf 89' lang='lat' dir='ltr'><strong>quod</strong></span> <span class='ocrx_word' id='word_1_304' title='bbox 1177 2309 1270 2366; x_wconf 82' lang='lat' dir='ltr'><strong>agit</strong></span> <span class='ocrx_word' id='word_1_305' title='bbox 1299 2308 1416 2354; x_wconf 85' lang='lat' dir='ltr'><strong>effici</strong></span> <span class='ocrx_word' id='word_1_306' title='bbox 1445 2310 1648 2368; x_wconf 85' lang='lat' dir='ltr'><strong>potuerit,</strong></span> <span class='ocrx_word' id='word_1_307' title='bbox 1683 2316 1731 2354; x_wconf 92' lang='lat' dir='ltr'><strong>ut</strong></span> <span class='ocrx_word' id='word_1_308' title='bbox 1751 2309 1953 2355; x_wconf 83' lang='lat' dir='ltr'><strong>Thetidis</strong></span> <span class='ocrx_word' id='word_1_309' title='bbox 1986 2325 2134 2355; x_wconf 84' lang='lat' dir='ltr'><strong>amore</strong></span> <span class='ocrx_word' id='word_1_310' title='bbox 2154 2309 2314 2355; x_wconf 87' lang='lat' dir='ltr'><strong>Peleus</strong></span> <span class='ocrx_word' id='word_1_311' title='bbox 2342 2310 2407 2354; x_wconf 89' lang='lat' dir='ltr'><strong>in-</strong></span> 
     </span>
     <span class='ocr_line' id='line_1_32' title="bbox 239 2386 2407 2450; baseline 0 -15"><span class='ocrx_word' id='word_1_312' title='bbox 239 2386 507 2443; x_wconf 82' lang='lat' dir='ltr'><strong>cenderetur,</strong></span> <span class='ocrx_word' id='word_1_313' title='bbox 539 2386 692 2434; x_wconf 90' lang='lat' dir='ltr'><strong>Thetis</strong></span> <span class='ocrx_word' id='word_1_314' title='bbox 713 2394 860 2433; x_wconf 90' lang='lat' dir='ltr'><strong>autem</strong></span> <span class='ocrx_word' id='word_1_315' title='bbox 880 2386 1077 2433; x_wconf 84' lang='lat' dir='ltr'><strong>mortalis</strong></span> <span class='ocrx_word' id='word_1_316' title='bbox 1108 2387 1192 2432; x_wconf 85' lang='lat' dir='ltr'><strong>viri</strong></span> <span class='ocrx_word' id='word_1_317' title='bbox 1225 2387 1445 2434; x_wconf 88' lang='lat' dir='ltr'><strong>connubia</strong></span> <span class='ocrx_word' id='word_1_318' title='bbox 1474 2403 1563 2434; x_wconf 92' lang='lat' dir='ltr'><strong>non</strong></span> <span class='ocrx_word' id='word_1_319' title='bbox 1590 2394 1909 2448; x_wconf 88' lang='lat' dir='ltr'><strong>aspernaretur.</strong></span> <span class='ocrx_word' id='word_1_320' title='bbox 1956 2388 2115 2449; x_wconf 90' lang='lat' dir='ltr'><strong>Itaque</strong></span> <span class='ocrx_word' id='word_1_321' title='bbox 2146 2405 2247 2436; x_wconf 90' lang='lat' dir='ltr'><strong>cum</strong></span> <span class='ocrx_word' id='word_1_322' title='bbox 2277 2397 2407 2450; x_wconf 87' lang='lat' dir='ltr'><strong>poeta</strong></span> 
     </span>
     <span class='ocr_line' id='line_1_33' title="bbox 240 2465 2406 2528; baseline 0.001 -16"><span class='ocrx_word' id='word_1_323' title='bbox 240 2466 425 2514; x_wconf 89' lang='lat' dir='ltr'><strong>ducente</strong></span> <span class='ocrx_word' id='word_1_324' title='bbox 450 2465 535 2512; x_wconf 89' lang='lat' dir='ltr'><strong>hoc</strong></span> <span class='ocrx_word' id='word_1_325' title='bbox 565 2466 693 2513; x_wconf 91' lang='lat' dir='ltr'><strong>nobis</strong></span> <span class='ocrx_word' id='word_1_326' title='bbox 714 2466 861 2512; x_wconf 88' lang='lat' dir='ltr'><strong>animo</strong></span> <span class='ocrx_word' id='word_1_327' title='bbox 893 2465 1188 2525; x_wconf 88' lang='lat' dir='ltr'><strong>informamus,</strong></span> <span class='ocrx_word' id='word_1_328' title='bbox 1221 2466 1354 2512; x_wconf 86' lang='lat' dir='ltr'><strong>Nerei</strong></span> <span class='ocrx_word' id='word_1_329' title='bbox 1373 2466 1489 2513; x_wconf 88' lang='lat' dir='ltr'><strong>filias</strong></span> <span class='ocrx_word' id='word_1_330' title='bbox 1517 2482 1572 2513; x_wconf 87' lang='lat' dir='ltr'><strong>ex</strong></span> <span class='ocrx_word' id='word_1_331' title='bbox 1593 2482 1782 2527; x_wconf 87' lang='lat' dir='ltr'><strong>aequore</strong></span> <span class='ocrx_word' id='word_1_332' title='bbox 1803 2474 2076 2527; x_wconf 83' lang='lat' dir='ltr'><strong>emergentes</strong></span> <span class='ocrx_word' id='word_1_333' title='bbox 2108 2485 2244 2515; x_wconf 92' lang='lat' dir='ltr'><strong>unum</strong></span> <span class='ocrx_word' id='word_1_334' title='bbox 2275 2476 2406 2528; x_wconf 89' lang='lat' dir='ltr'><strong>atque</strong></span> 
     </span>
     <span class='ocr_line' id='line_1_34' title="bbox 239 2546 2407 2607; baseline 0.001 -14"><span class='ocrx_word' id='word_1_335' title='bbox 239 2547 425 2593; x_wconf 86' lang='lat' dir='ltr'><strong>alterum</strong></span> <span class='ocrx_word' id='word_1_336' title='bbox 447 2546 563 2592; x_wconf 89' lang='lat' dir='ltr'><strong>diem</strong></span> <span class='ocrx_word' id='word_1_337' title='bbox 579 2547 704 2592; x_wconf 82' lang='lat' dir='ltr'><strong>navis</strong></span> <span class='ocrx_word' id='word_1_338' title='bbox 726 2561 900 2591; x_wconf 86' lang='lat' dir='ltr'><strong>cursum</strong></span> <span class='ocrx_word' id='word_1_339' title='bbox 923 2546 1286 2592; x_wconf 87' lang='lat' dir='ltr'><strong>circumsilientes</strong></span> <span class='ocrx_word' id='word_1_340' title='bbox 1302 2546 1514 2605; x_wconf 87' lang='lat' dir='ltr'><strong>comitari,</strong></span> <span class='ocrx_word' id='word_1_341' title='bbox 1531 2547 1771 2606; x_wconf 87' lang='lat' dir='ltr'><strong>imaginem</strong></span> <span class='ocrx_word' id='word_1_342' title='bbox 1787 2548 2012 2607; x_wconf 89' lang='lat' dir='ltr'><strong>sequimur</strong></span> <span class='ocrx_word' id='word_1_343' title='bbox 2026 2563 2111 2594; x_wconf 90' lang='lat' dir='ltr'><strong>nec</strong></span> <span class='ocrx_word' id='word_1_344' title='bbox 2127 2549 2407 2595; x_wconf 81' lang='lat' dir='ltr'><strong>invenustam</strong></span> 
     </span>
     <span class='ocr_line' id='line_1_35' title="bbox 238 2623 2407 2688; baseline 0.001 -17"><span class='ocrx_word' id='word_1_345' title='bbox 238 2641 323 2672; x_wconf 87' lang='lat' dir='ltr'><strong>nec</strong></span> <span class='ocrx_word' id='word_1_346' title='bbox 342 2623 516 2671; x_wconf 82' lang='lat' dir='ltr'><strong>Catullo</strong></span> <span class='ocrx_word' id='word_1_347' title='bbox 537 2624 764 2684; x_wconf 86' lang='lat' dir='ltr'><strong>indignam</strong></span> <span class='ocrx_word' id='word_1_348' title='bbox 784 2631 862 2670; x_wconf 88' lang='lat' dir='ltr'><strong>aut</strong></span> <span class='ocrx_word' id='word_1_349' title='bbox 878 2631 1106 2684; x_wconf 84' lang='lat' dir='ltr'><strong>poetarum</strong></span> <span class='ocrx_word' id='word_1_350' title='bbox 1121 2623 1388 2671; x_wconf 84' lang='lat' dir='ltr'><strong>Graecorum</strong></span> <span class='ocrx_word' id='word_1_351' title='bbox 1406 2641 1528 2672; x_wconf 92' lang='lat' dir='ltr'><strong>more</strong></span> <span class='ocrx_word' id='word_1_352' title='bbox 1549 2626 1753 2672; x_wconf 89' lang='lat' dir='ltr'><strong>alienam.</strong></span> <span class='ocrx_word' id='word_1_353' title='bbox 1792 2625 1954 2682; x_wconf 80' lang='lat' dir='ltr'><strong>Qualia</strong></span> <span class='ocrx_word' id='word_1_354' title='bbox 1974 2628 2045 2673; x_wconf 80' lang='lat' dir='ltr'><strong>vel</strong></span> <span class='ocrx_word' id='word_1_355' title='bbox 2066 2628 2146 2673; x_wconf 88' lang='lat' dir='ltr'><strong>illa</strong></span> <span class='ocrx_word' id='word_1_356' title='bbox 2167 2635 2270 2673; x_wconf 89' lang='lat' dir='ltr'><strong>sunt</strong></span> <span class='ocrx_word' id='word_1_357' title='bbox 2291 2629 2407 2688; x_wconf 90' lang='lat' dir='ltr'><strong>apud</strong></span> 
     </span>
    </p>
   </div>
   <div class='ocr_carea' id='block_1_7' title="bbox 229 2696 968 2761">
    <p class='ocr_par' dir='ltr' id='par_1_9' title="bbox 229 2696 968 2761">
     <span class='ocr_line' id='line_1_36' title="bbox 229 2696 968 2761; baseline 0 -13"><span class='ocrx_word' id='word_1_358' title='bbox 229 2696 496 2761; x_wconf 83' lang='lat' dir='ltr'><strong>Euripidem</strong></span> <span class='ocrx_word' id='word_1_359' title='bbox 525 2704 573 2749; x_wconf 92' lang='lat' dir='ltr'><strong>in</strong></span> <span class='ocrx_word' id='word_1_360' title='bbox 603 2702 736 2749; x_wconf 88' lang='lat' dir='ltr'><strong>choro</strong></span> <span class='ocrx_word' id='word_1_361' title='bbox 766 2703 968 2749; x_wconf 84' lang='lat' dir='ltr'><strong>Electrae</strong></span> 
     </span>
    </p>
   </div>
   <div class='ocr_carea' id='block_1_8' title="bbox 241 2781 1635 3316">
    <p class='ocr_par' dir='ltr' id='par_1_10' title="bbox 241 2781 1635 3316">
     <span class='ocr_line' id='line_1_37' title="bbox 744 2781 1635 2841; baseline 0.002 -14"><span class='ocrx_word' id='word_1_362' title='bbox 744 2781 910 2829; x_wconf 77' lang='grc' dir='ltr'><strong><em>κλειναὶ</em></strong></span> <span class='ocrx_word' id='word_1_363' title='bbox 938 2782 1056 2835; x_wconf 78' lang='grc' dir='ltr'><strong><em>νᾶες,</em></strong></span> <span class='ocrx_word' id='word_1_364' title='bbox 1087 2787 1138 2828; x_wconf 72' lang='grc' dir='ltr'><strong>αῖ</strong></span> <span class='ocrx_word' id='word_1_365' title='bbox 1165 2783 1260 2828; x_wconf 80' lang='grc' dir='ltr'><strong>ποτ’</strong></span> <span class='ocrx_word' id='word_1_366' title='bbox 1279 2781 1438 2841; x_wconf 69' lang='grc' dir='ltr'><strong><em>ἔμβαπ</em></strong></span> <span class='ocrx_word' id='word_1_367' title='bbox 1472 2786 1635 2841; x_wconf 75' lang='grc' dir='ltr'><strong><em>Τροίαν</em></strong></span> 
     </span>
     <span class='ocr_line' id='line_1_38' title="bbox 744 2857 1333 2919; baseline -0.002 0"><span class='ocrx_word' id='word_1_368' title='bbox 744 2869 834 2913; x_wconf 68' lang='lat'><strong>²⁶1³</strong></span> <span class='ocrx_word' id='word_1_369' title='bbox 862 2857 1113 2919; x_wconf 59' lang='grc' dir='ltr'><strong>ἇιωτρῆωις</strong></span> <span class='ocrx_word' id='word_1_370' title='bbox 1141 2861 1333 2919; x_wconf 63' lang='grc' dir='ltr'><strong>ἐρετμοῖς</strong></span> 
     </span>
     <span class='ocr_line' id='line_1_39' title="bbox 743 2938 1572 3004; baseline 0.001 -19"><span class='ocrx_word' id='word_1_371' title='bbox 743 2941 992 2998; x_wconf 75' lang='grc' dir='ltr'><strong><em>πέμιωυσαι</em></strong></span> <span class='ocrx_word' id='word_1_372' title='bbox 1019 2938 1174 2998; x_wconf 77' lang='grc' dir='ltr'><strong><em>χοροὺς</em></strong></span> <span class='ocrx_word' id='word_1_373' title='bbox 1202 2938 1310 2999; x_wconf 73' lang='grc' dir='ltr'><strong>μετὰ</strong></span> <span class='ocrx_word' id='word_1_374' title='bbox 1342 2939 1572 3004; x_wconf 68' lang='grc' dir='ltr'><strong><em>Νηρῄδων,</em></strong></span> 
     </span>
     <span class='ocr_line' id='line_1_40' title="bbox 593 3013 1419 3077; baseline 0.002 -15"><span class='ocrx_word' id='word_1_375' title='bbox 593 3017 684 3064; x_wconf 83' lang='lat'><strong>435</strong></span> <span class='ocrx_word' id='word_1_376' title='bbox 745 3013 801 3063; x_wconf 66' lang='grc' dir='ltr'><strong>ἵν’</strong></span> <span class='ocrx_word' id='word_1_377' title='bbox 822 3015 848 3063; x_wconf 76' lang='grc' dir='ltr'><strong>ὃ</strong></span> <span class='ocrx_word' id='word_1_378' title='bbox 879 3016 1095 3077; x_wconf 66' lang='grc' dir='ltr'><strong>φίλαυλος</strong></span> <span class='ocrx_word' id='word_1_379' title='bbox 1125 3016 1289 3064; x_wconf 72' lang='grc' dir='ltr'><strong><em>ἔπαλλε</em></strong></span> <span class='ocrx_word' id='word_1_380' title='bbox 1318 3017 1419 3065; x_wconf 75' lang='grc' dir='ltr'><strong><em>δελ-</em></strong></span> 
     </span>
     <span class='ocr_line' id='line_1_41' title="bbox 566 3088 1388 3159; baseline 0.002 -17"><span class='ocrx_word' id='word_1_381' title='bbox 566 3088 568 3090; x_wconf 49' lang='grc'><strong>’</strong></span> <span class='ocrx_word' id='word_1_382' title='bbox 744 3097 820 3156; x_wconf 70' lang='grc' dir='ltr'><strong>φὶς</strong></span> <span class='ocrx_word' id='word_1_383' title='bbox 849 3094 1054 3159; x_wconf 62' lang='grc' dir='ltr'><strong><em>πρῴραις</em></strong></span> <span class='ocrx_word' id='word_1_384' title='bbox 1076 3096 1388 3157; x_wconf 68' lang='grc' dir='ltr'><strong><em>κυανεμβόλοις</em></strong></span> 
     </span>
     <span class='ocr_line' id='line_1_42' title="bbox 742 3174 1175 3236; baseline 0.007 -14"><span class='ocrx_word' id='word_1_385' title='bbox 742 3174 1070 3236; x_wconf 73' lang='grc' dir='ltr'><strong>εἷειλισσόμενος</strong></span> <span class='ocrx_word' id='word_1_386' title='bbox 1098 3178 1175 3225; x_wconf 74' lang='grc' dir='ltr'><strong>κτλ</strong></span> 
     </span>
     <span class='ocr_line' id='line_1_43' title="bbox 241 3242 1444 3316; baseline -0.001 -13"><span class='ocrx_word' id='word_1_387' title='bbox 241 3253 313 3303; x_wconf 80' lang='lat' dir='ltr'><strong>vel</strong></span> <span class='ocrx_word' id='word_1_388' title='bbox 342 3255 452 3302; x_wconf 89' lang='lat' dir='ltr'><strong>haec</strong></span> <span class='ocrx_word' id='word_1_389' title='bbox 481 3254 597 3315; x_wconf 88' lang='lat' dir='ltr'><strong>apud</strong></span> <span class='ocrx_word' id='word_1_390' title='bbox 626 3251 890 3315; x_wconf 86' lang='lat' dir='ltr'><strong>Sophoclem</strong></span> <span class='ocrx_word' id='word_1_391' title='bbox 918 3242 965 3302; x_wconf 84' lang='lat' dir='ltr'><strong>in</strong></span> <span class='ocrx_word' id='word_1_392' title='bbox 997 3243 1156 3316; x_wconf 88' lang='lat' dir='ltr'><strong>Oedip.</strong></span> <span class='ocrx_word' id='word_1_393' title='bbox 1178 3253 1335 3303; x_wconf 81' lang='lat' dir='ltr'><strong>Gelon.</strong></span> <span class='ocrx_word' id='word_1_394' title='bbox 1355 3257 1444 3304; x_wconf 80' lang='lat'><strong>716</strong></span> 
     </span>
    </p>
   </div>
  </div>
 </body>
</html>
